@ONLINE{gates-foundation-grant,
author = {Department of English},
title = {RCL Team Awarded \$50K Bill \& Melinda Gates Foundation Grant for MOOC ``Writing II: Rhetorical Composition.''},
month = jan,
year = {2013},
url = {http://go.osu.edu/english}
}

@article{shihdiscovery,
  title={Discovery of Student Strategies using Hidden Markov Model Clustering},
  year={2010},
  journal={International Conference on Educational Data Mining},
  author={Shih, Benjamin and Koedinger, Kenneth R and Scheines, Richard}
}

@article{romero2010educational,
  title={Educational data mining: a review of the state of the art},
  author={Romero, Crist{\'o}bal and Ventura, Sebasti{\'a}n},
  journal={Systems, Man, and Cybernetics, Part C: Applications and Reviews, IEEE Transactions on},
  volume={40},
  number={6},
  pages={601--618},
  year={2010},
  publisher={IEEE}
}

@book{albert1999knowledge,
  title={Knowledge spaces: Theories, empirical research, and applications},
  author={Albert, Dietrich and Lukas, Josef},
  year={1999},
  publisher={Psychology Press}
}

@ONLINE{itunesu,
author={Jim Fowler and Bart Snapp},
title={Calculus One},
month=Jun,
year=2013,
url={https://itunes.apple.com/us/course/calculus-one/id660718824}
}

@ONLINE{khan-academy,
author={Khan Academy},
title={Khan Academy Exercises},
month=Aug,
year=2013,
url={https://github.com/Khan/khan-exercises}
}

@ONLINE{ghmm,
author={Alexander Schliep and Ivan G. Costa and Benjamin Georgi and Christoph Hafemeister and Alexander Sch{\"o}nhuth and Md Pavel Mahmud},
title={The General Hidden Markov Model library},
month=Aug,
year=2013,
url={http://ghmm.org}
}

@ONLINE{tin-can-api,
author = {Rustici Software},
title = {What is the Tin Can API?},
month = aug,
year = {2013},
url = {http://tincanapi.com/overview/}
}

@ONLINE{steve-gubkin,
author = {Steven Gubkin},
title = {MOOCulus Exercises},
month = aug,
year = {2013},
url = {https://github.com/ASCTech/mooculus/tree/master/public/khan-exercises/exercises}
}

@ONLINE{edm-2014,
author = {Institute of Education},
title = {The 7th International Conference on Educational Data Mining},
url = {http://www.educationaldatamining.org/EDM2014/}
}

@article{RomeroZaldivar20121058,
title = "Monitoring student progress using virtual appliances: A case study ",
journal = "Computers \& Education ",
volume = "58",
number = "4",
pages = "1058 - 1067",
year = "2012",
note = "",
issn = "0360-1315",
doi = "http://dx.doi.org/10.1016/j.compedu.2011.12.003",
url = "http://www.sciencedirect.com/science/article/pii/S0360131511003198",
author = "Vicente-Arturo Romero-Zaldivar and Abelardo Pardo and Daniel Burgos and Carlos Delgado Kloos",
keywords = "Educational data mining",
keywords = "Learning analytics",
keywords = "Virtual appliances",
keywords = "Educational systems",
keywords = "Predictive systems "
}

@article{morris2013moocs,
  title={MOOCs, Emerging Technologies, and Quality},
  author={Morris, Libby V},
  journal={Innovative Higher Education},
  pages={1--2},
  year={2013},
  publisher={Springer}
}

@article{parry2012big,
  title={Big Data on Campus},
  author={Parry, Marc},
  journal={The New York Times},
  pages={1--9},
  year={2012}
}

@report{balakrishnan2013predicting,
  title={Predicting Student Retention in Massive Open Online Courses using Hidden Markov Models},
  author={Balakrishnan, Girish and Coetzee, Derrick},
number={UCB/EECS--2013--109},
INSTITUTION={Electrical Engineering and Computer Sciences, University of California at Berkeley},
MONTH={May},
YEAR={2013},
url={http://www.eecs.berkeley.edu/Pubs/TechRpts/2013/EECS-2013-109.pdf}
}

@article{anari2012intelligent,
  title={Intelligent E-Learning Systems Using Student Behavior Prediction},
  author={Anari, Morteza Saberi and Anari, Maryam Saberi},
  year={2012},
journal={Basic. Appl. Sci. Res},
pages={12017--12023},
volume=2,
number=12
}




@article {MR0202264,
    AUTHOR = {Baum, Leonard E. and Petrie, Ted},
     TITLE = {Statistical inference for probabilistic functions of finite
              state {M}arkov chains},
   JOURNAL = {Ann. Math. Statist.},
  FJOURNAL = {Annals of Mathematical Statistics},
    VOLUME = {37},
      YEAR = {1966},
     PAGES = {1554--1563},
      ISSN = {0003-4851},
   MRCLASS = {62.85},
  MRNUMBER = {0202264 (34 \#2137)},
MRREVIEWER = {K. Dietz},
}
		
@book {MR0123419,
    AUTHOR = {Billingsley, Patrick},
     TITLE = {Statistical inference for {M}arkov processes},
 PUBLISHER = {Statistical Research Monographs, Vol. II. The University of
              Chicago Press, Chicago, Ill.},
      YEAR = {1961},
     PAGES = {vii+75},
   MRCLASS = {62.85},
  MRNUMBER = {0123419 (23 \#A746)},
MRREVIEWER = {U. Grenander},
}

@inproceedings{khan2013automatic,
  title={Automatic Arabic pronunciation scoring for computer aided language learning},
  author={Khan, Ahmad and Fauzi, Ali and Mourad, Oudelha and Mannan, Amirul Mohamad Khairi Bin and Dahan, Hassan Basri Awang Mat and Abushariah, Mohammad AM},
  booktitle={Communications, Signal Processing, and their Applications (ICCSPA), 2013 1st International Conference on},
  pages={1--6},
  year={2013},
  organization={IEEE}
}


@article{Zafra201115020,
title = "Multiple instance learning for classifying students in learning management systems ",
journal = "Expert Systems with Applications ",
volume = "38",
number = "12",
pages = "15020 - 15031",
year = "2011",
note = "",
issn = "0957-4174",
doi = "http://dx.doi.org/10.1016/j.eswa.2011.05.044",
url = "http://www.sciencedirect.com/science/article/pii/S0957417411008281",
author = "Amelia Zafra and Crist{\'o}bal Romero and Sebasti{\'a}n Ventura",
keywords = "Educational data mining",
keywords = "Multiple instance learning",
keywords = "Traditional supervised learning "
}

@article{predict-grades,
year={2012},
issn={0269-2821},
journal={Artificial Intelligence Review},
volume={37},
number={4},
doi={10.1007/s10462-011-9234-x},
title={Use of machine learning techniques for educational proposes: a decision support system for forecasting students' grades},
url={http://dx.doi.org/10.1007/s10462-011-9234-x},
publisher={Springer Netherlands},
keywords={Machine learning; Educational data mining; Decision support tools},
author={Kotsiantis, S.B.},
pages={331-344},
language={English}
}

@inproceedings{java-data-mining,
  added-at = {2011-09-19T00:00:00.000+0200},
  author = {Perez, Rafael Pedraza and Romero, Crist{\'o}bal and Ventura, Sebasti{\'a}n},
  biburl = {http://www.bibsonomy.org/bibtex/204febaab04eb433e33d5e6b692cefea4/dblp},
  booktitle = {EDM},
  crossref = {conf/edm/2011},
  editor = {Pechenizkiy, Mykola and Calders, Toon and Conati, Cristina and Ventura, Sebasti{\'a}n and Romero, Crist{\'o}bal and Stamper, John C.},
  ee = {http://educationaldatamining.org/EDM2011/wp-content/uploads/proc/edm2011_poster3_Pedraza-Perez.pdf},
  interhash = {99cf2471f56500b3f43c915c22cb6b80},
  intrahash = {04febaab04eb433e33d5e6b692cefea4},
  isbn = {978-90-386-2537-9},
  keywords = {dblp},
  pages = {319-320},
  publisher = {www.educationaldatamining.org},
  timestamp = {2011-09-19T00:00:00.000+0200},
  title = {A Java Desktop Tool for Mining Moodle Data.},
  url = {http://dblp.uni-trier.de/db/conf/edm/edm2011.html#PerezRV11},
  year = 2011
}

@article {WIDM:WIDM1075,
author = {Romero, Crist{\'o}bal and Ventura, Sebastian},
title = {Data mining in education},
journal = {Wiley Interdisciplinary Reviews: Data Mining and Knowledge Discovery},
volume = {3},
number = {1},
publisher = {John Wiley & Sons, Inc.},
issn = {1942-4795},
url = {http://dx.doi.org/10.1002/widm.1075},
doi = {10.1002/widm.1075},
pages = {12--27},
year = {2013},
}

@article{hagerty2005using,
  title={Using the Web-Based Interactive Software ALEKS to Enhance College Algebra.},
  author={Hagerty, Gary and Smith, S},
  journal={Mathematics and Computer Education},
  volume={39},
  number={3},
  pages={183--194},
  year={2005},
  publisher={ERIC}
}


@article{miller-tech-enhanced-calculus,
  title={Technology-Enhanced Calculus Lectures},
  author={Miller, Elizabeth},
  journal={Academic Exchange Quarterly},
  volume={15},
  number={4},
  pages={47},
  year={2011},
  publisher={Chattanooga State Technical Community College}
}

@article{bressoud-sky-falling,
  title={Is the Sky Still Falling?},
  author={Bressoud, David},
  journal={Notices of the AMS},
  volume={56},
  pages={20--25},
  year={2009}
}

@book{dber-report,
  title={Discipline-Based Education Research: Understanding and Improving Learning in Undergraduate Science and Engineering},
  author={Singer, Susan R and Nielsen, Natalie R and Schweingruber, Heidi A and others},
  year={2012},
  publisher={National Academies Press}
}

@article{calculus-students,
author = {Bressoud, David M. and Carlson, Marilyn P. and Mesa, Vilma and Rasmussen, Chris},
title = {The calculus student: insights from the Mathematical Association of America national study},
journal = {International Journal of Mathematical Education in Science and Technology},
volume = {44},
number = {5},
pages = {685-698},
year = {2013},
doi = {10.1080/0020739X.2013.798874},

URL = {http://www.tandfonline.com/doi/abs/10.1080/0020739X.2013.798874},
eprint = {http://www.tandfonline.com/doi/pdf/10.1080/0020739X.2013.798874}
}


@report{calculus-programs,
author={Bressoud, D. and Carlson, Marilyn and Pearson, Pearson and Rasmussen, Chris},
title={Preliminary Results of the Study of Characteristics of Successful Program in College Calculus},
INSTITUTION={12th International Congress on Mathematics Education},
MONTH={July},
YEAR={2012},
url={http://www.maa.org/cspcc/TSG13_Bressoud.pdf}
}

@article {henderson-change,
author = {Henderson, Charles and Beach, Andrea and Finkelstein, Noah},
title = {Facilitating change in undergraduate {STEM} instructional practices: An analytic review of the literature},
journal = {Journal of Research in Science Teaching},
volume = {48},
number = {8},
publisher = {Wiley Subscription Services, Inc., A Wiley Company},
issn = {1098-2736},
url = {http://dx.doi.org/10.1002/tea.20439},
doi = {10.1002/tea.20439},
pages = {952--984},
keywords = {teacher change, science education, higher education, pedagogy, professional development},
year = {2011},
}

@article{evans,
  title={MOOCulus for Calculus Fun: An Interview with Tom Evans},
  author={Jessica Knott},
  journal={ETC Journal: a journal for educational technology and change.},
  volume={July},
  year={2013},
}

@book{bowen2013higher,
  title={Higher education in the digital age},
  author={Bowen, William G},
  year={2013},
  publisher={Princeton University Press}
}

@article{angus2009does,
  title={Does regular online testing enhance student learning in the numerical sciences? Robust evidence from a large data set},
  author={Angus, Simon D and Watson, Judith},
  journal={British Journal of Educational Technology},
  volume={40},
  number={2},
  pages={255--272},
  year={2009},
  publisher={Wiley Online Library}
}
@inproceedings{boyer2013student,
  title={Student Interaction with Online Multimedia Learning Modules as an Early Warning System for Poor Course Performance},
  author={Boyer, Jeffrey and Christensen, Warren},
  booktitle={World Conference on Educational Multimedia, Hypermedia and Telecommunications},
  volume={2013},
  number={1},
  pages={1848--1852},
  year={2013}
}

@article{walksat,
  title={Local search strategies for satisfiability testing},
  author={Selman, Bart and Kautz, Henry and Cohen, Bram and others},
  journal={Cliques, coloring, and satisfiability: Second DIMACS implementation challenge},
  volume={26},
  pages={521--532},
  year={1993}
}

@article{manolescu2013conley,
  title={The Conley index, gauge theory, and triangulations},
  author={Manolescu, Ciprian},
  journal={Journal of Fixed Point Theory and Applications},
  pages={1--27},
  year={2013},
  publisher={Springer}
}

@article {aspherical,
    AUTHOR = {Davis, M. and Fowler, J. and Lafont, J.-F.},
     TITLE = {Aspherical manifolds that cannot be triangulated},
   JOURNAL = { Algebr. Geom. Topol.},
  FJOURNAL = {Algebraic and Geometric Topology},
      YEAR = {2013},
NOTE = {Accepted for publication},
}

@article{natural-images,
  title={On the local behavior of spaces of natural images},
  author={Carlsson, Gunnar and Ishkhanov, Tigran and De Silva, Vin and Zomorodian, Afra},
  journal={International journal of computer vision},
  volume={76},
  number={1},
  pages={1--12},
  year={2008},
  publisher={Springer}
}

@Article{originalhornos,
   Author="Hornos, J. E.  and Hornos, Y. M. ",
   Title="{{A}lgebraic model for the evolution of the genetic code}",
   Journal="Phys. Rev. Lett.",
   Year="1993",
   Volume="71",
   Pages="4401--4404",
   Month="Dec"
}

@Article{supersymmetry,
   Author="Bashford, J. D.  and Tsohantjis, I.  and Jarvis, P. D. ",
   Title="{{A} supersymmetric model for the evolution of the genetic code}",
   Journal="Proc. Natl. Acad. Sci. U.S.A.",
   Year="1998",
   Volume="95",
   Pages="987--992",
   Month="Feb"
}

% 15185745 
@Article{kleinfourgroup,
   Author="Hornos, J. E.  and Braggion, L.  and Magini, M.  and Forger, M. ",
   Title="{{S}ymmetry preservation in the evolution of the genetic code}",
   Journal="IUBMB Life",
   Year="2004",
   Volume="56",
   Pages="125--130",
   Month="Mar"
}

@MISC{forger-1999,
  author = {Michael Forger and Sebastian Sachse},
  title = {Lie Superalgebras and the Multiplet Structure of the Genetic Code II:   Branching Schemes},
  url = {http://www.citebase.org/abstract?id=oai:arXiv.org:math-ph/9905017},
  year = {1999}
}

@MISC{forger-1998,
  author = {F.~M.~ Forger and R.~S.~ Sachse},
  title = {Lie Superalgebras and the Multiplet Structure of the Genetic Code I:   Codon Representations},
  url = {http://www.citebase.org/abstract?id=oai:arXiv.org:math-ph/9808001},
  year = {1998}
}

@ARTICLE{2012arXiv1203.6604F,
   author = {{Fowler}, J. and {Groot}, A. and {Pandya}, D. and {Snapp}, B.
	},
    title = "{The no-three-in-line problem on a torus}",
  journal = {ArXiv e-prints},
archivePrefix = "arXiv",
   eprint = {1203.6604},
 primaryClass = "math.CO",
 keywords = {Mathematics - Combinatorics, Mathematics - Commutative Algebra, 05B30, 12Y05},
     year = 2012,
    month = mar,
   adsurl = {http://adsabs.harvard.edu/abs/2012arXiv1203.6604F},
  adsnote = {Provided by the SAO/NASA Astrophysics Data System}
}

@article {MR1131435,
    AUTHOR = {Davis, Michael W. and Januszkiewicz, Tadeusz},
     TITLE = {Hyperbolization of polyhedra},
   JOURNAL = {J. Differential Geom.},
  FJOURNAL = {Journal of Differential Geometry},
    VOLUME = {34},
      YEAR = {1991},
    NUMBER = {2},
     PAGES = {347--388},
      ISSN = {0022-040X},
   MRCLASS = {57Q05 (53C20)},
  MRNUMBER = {1131435},
MRREVIEWER = {Werner Ballmann},
       URL = {http://projecteuclid.org/euclid.jdg/1214447212},
}
@article {MR1180457,
    AUTHOR = {Brehm, Ulrich and K\"{u}hnel, Wolfgang},
     TITLE = {{$15$}-vertex triangulations of an {$8$}-manifold},
   JOURNAL = {Math. Ann.},
  FJOURNAL = {Mathematische Annalen},
    VOLUME = {294},
      YEAR = {1992},
    NUMBER = {1},
     PAGES = {167--193},
      ISSN = {0025-5831},
   MRCLASS = {57Q15 (52B70)},
  MRNUMBER = {1180457},
       DOI = {10.1007/BF01934320},
       URL = {https://doi.org/10.1007/BF01934320},
}
@book {MR1027600,
    AUTHOR = {L\"{u}ck, Wolfgang},
     TITLE = {Transformation groups and algebraic {$K$}-theory},
    SERIES = {Lecture Notes in Mathematics},
    VOLUME = {1408},
      NOTE = {Mathematica Gottingensis},
 PUBLISHER = {Springer-Verlag, Berlin},
      YEAR = {1989},
     PAGES = {xii+443},
      ISBN = {3-540-51846-0},
   MRCLASS = {57Sxx (18F25 19-02 57Q10 57Q12)},
  MRNUMBER = {1027600},
MRREVIEWER = {A. A. Ranicki},
       DOI = {10.1007/BFb0083681},
       URL = {https://doi.org/10.1007/BFb0083681},
}
@book {MR0123419,
    AUTHOR = {Billingsley, Patrick},
     TITLE = {Statistical inference for {M}arkov processes},
 PUBLISHER = {Statistical Research Monographs, Vol. II. The University of
              Chicago Press, Chicago, Ill.},
      YEAR = {1961},
     PAGES = {vii+75},
   MRCLASS = {62.85},
  MRNUMBER = {0123419},
MRREVIEWER = {U. Grenander},
}
@incollection {MR1253544,
    AUTHOR = {Gromov, M.},
     TITLE = {Asymptotic invariants of infinite groups},
 BOOKTITLE = {Geometric group theory, {V}ol. 2 ({S}ussex, 1991)},
    SERIES = {London Math. Soc. Lecture Note Ser.},
    VOLUME = {182},
     PAGES = {1--295},
 PUBLISHER = {Cambridge Univ. Press, Cambridge},
      YEAR = {1993},
   MRCLASS = {20F32 (57M07)},
  MRNUMBER = {1253544},
}
@book {MR1308714,
    AUTHOR = {Weinberger, Shmuel},
     TITLE = {The topological classification of stratified spaces},
    SERIES = {Chicago Lectures in Mathematics},
 PUBLISHER = {University of Chicago Press, Chicago, IL},
      YEAR = {1994},
     PAGES = {xiv+283},
      ISBN = {0-226-88566-6; 0-226-88567-4},
   MRCLASS = {57N80 (57R67)},
  MRNUMBER = {1308714},
MRREVIEWER = {A. A. Ranicki},
}
@article {MR133837,
    AUTHOR = {Adams, J. F.},
     TITLE = {Vector fields on spheres},
   JOURNAL = {Bull. Amer. Math. Soc.},
  FJOURNAL = {Bulletin of the American Mathematical Society},
    VOLUME = {68},
      YEAR = {1962},
     PAGES = {39--41},
      ISSN = {0002-9904},
   MRCLASS = {57.34},
  MRNUMBER = {133837},
MRREVIEWER = {M. F. Atiyah},
       DOI = {10.1090/S0002-9904-1962-10693-4},
       URL = {https://doi.org/10.1090/S0002-9904-1962-10693-4},
}
@incollection {MR1388296,
     TITLE = {The problem session},
 BOOKTITLE = {Novikov conjectures, index theorems and rigidity, {V}ol. 1
              ({O}berwolfach, 1993)},
    SERIES = {London Math. Soc. Lecture Note Ser.},
    VOLUME = {226},
     PAGES = {67--78},
 PUBLISHER = {Cambridge Univ. Press, Cambridge},
      YEAR = {1995},
   MRCLASS = {58-02 (57-02)},
  MRNUMBER = {1388296},
}
@article {MR1394965,
    AUTHOR = {Bryant, J. and Ferry, S. and Mio, W. and Weinberger, S.},
     TITLE = {Topology of homology manifolds},
   JOURNAL = {Ann. of Math. (2)},
  FJOURNAL = {Annals of Mathematics. Second Series},
    VOLUME = {143},
      YEAR = {1996},
    NUMBER = {3},
     PAGES = {435--467},
      ISSN = {0003-486X},
   MRCLASS = {57P99},
  MRNUMBER = {1394965},
MRREVIEWER = {A. A. Ranicki},
       DOI = {10.2307/2118532},
       URL = {https://doi.org/10.2307/2118532},
}
@article {MR1451755,
    AUTHOR = {Higson, Nigel and Pedersen, Erik Kj\ae r and Roe, John},
     TITLE = {{$C^\ast$}-algebras and controlled topology},
   JOURNAL = {$K$-Theory},
  FJOURNAL = {$K$-Theory. An Interdisciplinary Journal for the Development,
              Application, and Influence of $K$-Theory in the Mathematical
              Sciences},
    VOLUME = {11},
      YEAR = {1997},
    NUMBER = {3},
     PAGES = {209--239},
      ISSN = {0920-3036},
   MRCLASS = {19K56 (46L80 46L87 57R67 58G12)},
  MRNUMBER = {1451755},
MRREVIEWER = {Carla Farsi},
       DOI = {10.1023/A:1007705726771},
       URL = {https://doi.org/10.1023/A:1007705726771},
}
@article {MR1465330,
    AUTHOR = {Bestvina, Mladen and Brady, Noel},
     TITLE = {Morse theory and finiteness properties of groups},
   JOURNAL = {Invent. Math.},
  FJOURNAL = {Inventiones Mathematicae},
    VOLUME = {129},
      YEAR = {1997},
    NUMBER = {3},
     PAGES = {445--470},
      ISSN = {0020-9910},
   MRCLASS = {20F36 (20J05 57M07)},
  MRNUMBER = {1465330},
MRREVIEWER = {John Meier},
       DOI = {10.1007/s002220050168},
       URL = {https://doi.org/10.1007/s002220050168},
}
@article {MR1644309,
    AUTHOR = {Weiss, Michael and Williams, Bruce},
     TITLE = {Duality in {W}aldhausen categories},
   JOURNAL = {Forum Math.},
  FJOURNAL = {Forum Mathematicum},
    VOLUME = {10},
      YEAR = {1998},
    NUMBER = {5},
     PAGES = {533--603},
      ISSN = {0933-7741},
   MRCLASS = {19D10 (57N65 57R65)},
  MRNUMBER = {1644309},
MRREVIEWER = {A. A. Ranicki},
       DOI = {10.1515/form.10.5.533},
       URL = {https://doi.org/10.1515/form.10.5.533},
}
@article {MR171284,
    AUTHOR = {Wall, C. T. C.},
     TITLE = {Finiteness conditions for {${\rm CW}$}-complexes},
   JOURNAL = {Ann. of Math. (2)},
  FJOURNAL = {Annals of Mathematics. Second Series},
    VOLUME = {81},
      YEAR = {1965},
     PAGES = {56--69},
      ISSN = {0003-486X},
   MRCLASS = {55.40},
  MRNUMBER = {171284},
MRREVIEWER = {A. Dold},
       DOI = {10.2307/1970382},
       URL = {https://doi.org/10.2307/1970382},
}
@incollection {MR1747535,
    AUTHOR = {Davis, Michael W.},
     TITLE = {Poincar\'{e} duality groups},
 BOOKTITLE = {Surveys on surgery theory, {V}ol. 1},
    SERIES = {Ann. of Math. Stud.},
    VOLUME = {145},
     PAGES = {167--193},
 PUBLISHER = {Princeton Univ. Press, Princeton, NJ},
      YEAR = {2000},
   MRCLASS = {57M07 (20J05 57P10 57R19)},
  MRNUMBER = {1747535},
MRREVIEWER = {Yuri Muranov},
}
@incollection {MR1851239,
    AUTHOR = {Ser\^{o}dio, R. and Pereira, E. and Vit\'{o}ria, J.},
     TITLE = {Computing the zeros of quaternion polynomials},
      NOTE = {Numerical methods and computational mechanics (Miskolc, 1998)},
   JOURNAL = {Comput. Math. Appl.},
  FJOURNAL = {Computers \& Mathematics with Applications. An International
              Journal},
    VOLUME = {42},
      YEAR = {2001},
    NUMBER = {8-9},
     PAGES = {1229--1237},
      ISSN = {0898-1221},
   MRCLASS = {30G35 (30-04 65H05)},
  MRNUMBER = {1851239},
       DOI = {10.1016/S0898-1221(01)00235-8},
       URL = {https://doi.org/10.1016/S0898-1221(01)00235-8},
}
@article {MR1983017,
    AUTHOR = {Christensen, Ren\'{e} Depont and Munkholm, Hans J\o rgen},
     TITLE = {Topology with monoidal control},
   JOURNAL = {Homology Homotopy Appl.},
  FJOURNAL = {Homology, Homotopy and Applications},
    VOLUME = {4},
      YEAR = {2002},
    NUMBER = {1},
     PAGES = {213--234},
      ISSN = {1532-0081},
   MRCLASS = {55U35 (18D10 18E10)},
  MRNUMBER = {1983017},
MRREVIEWER = {C. Bruce Hughes},
       DOI = {10.4310/hha.2002.v4.n1.a12},
       URL = {https://doi.org/10.4310/hha.2002.v4.n1.a12},
}
@article {MR202264,
    AUTHOR = {Baum, Leonard E. and Petrie, Ted},
     TITLE = {Statistical inference for probabilistic functions of finite
              state {M}arkov chains},
   JOURNAL = {Ann. Math. Statist.},
  FJOURNAL = {Annals of Mathematical Statistics},
    VOLUME = {37},
      YEAR = {1966},
     PAGES = {1554--1563},
      ISSN = {0003-4851},
   MRCLASS = {62.85},
  MRNUMBER = {202264},
MRREVIEWER = {K. Dietz},
       DOI = {10.1214/aoms/1177699147},
       URL = {https://doi.org/10.1214/aoms/1177699147},
}
@article {MR2093885,
    AUTHOR = {Ellis, Graham},
     TITLE = {Computing group resolutions},
   JOURNAL = {J. Symbolic Comput.},
  FJOURNAL = {Journal of Symbolic Computation},
    VOLUME = {38},
      YEAR = {2004},
    NUMBER = {3},
     PAGES = {1077--1118},
      ISSN = {0747-7171},
   MRCLASS = {20J06 (57M07)},
  MRNUMBER = {2093885},
MRREVIEWER = {Stephen J. Pride},
       DOI = {10.1016/j.jsc.2004.03.003},
       URL = {https://doi.org/10.1016/j.jsc.2004.03.003},
}
@article {MR2109110,
    AUTHOR = {Ogle, C.},
     TITLE = {Polynomially bounded cohomology and discrete groups},
   JOURNAL = {J. Pure Appl. Algebra},
  FJOURNAL = {Journal of Pure and Applied Algebra},
    VOLUME = {195},
      YEAR = {2005},
    NUMBER = {2},
     PAGES = {173--209},
      ISSN = {0022-4049},
   MRCLASS = {20J05 (18G10 18G40 20F05 20F65)},
  MRNUMBER = {2109110},
MRREVIEWER = {Dessislava H. Kochloukova},
       DOI = {10.1016/j.jpaa.2004.06.009},
       URL = {https://doi.org/10.1016/j.jpaa.2004.06.009},
}
@article {MR2121296,
    AUTHOR = {Zomorodian, Afra and Carlsson, Gunnar},
     TITLE = {Computing persistent homology},
   JOURNAL = {Discrete Comput. Geom.},
  FJOURNAL = {Discrete \& Computational Geometry. An International Journal
              of Mathematics and Computer Science},
    VOLUME = {33},
      YEAR = {2005},
    NUMBER = {2},
     PAGES = {249--274},
      ISSN = {0179-5376},
   MRCLASS = {55N99 (55-04 55U10)},
  MRNUMBER = {2121296},
MRREVIEWER = {Donald M. Davis},
       DOI = {10.1007/s00454-004-1146-y},
       URL = {https://doi.org/10.1007/s00454-004-1146-y},
}
@article {MR2252897,
    AUTHOR = {Szczepa\'{n}ski, Andrzej},
     TITLE = {Problems on {B}ieberbach groups and flat manifolds},
   JOURNAL = {Geom. Dedicata},
  FJOURNAL = {Geometriae Dedicata},
    VOLUME = {120},
      YEAR = {2006},
     PAGES = {111--118},
      ISSN = {0046-5755},
   MRCLASS = {20H15 (20F18 51M05 57S30)},
  MRNUMBER = {2252897},
MRREVIEWER = {Juan Pablo Rossetti},
       DOI = {10.1007/s10711-006-9056-1},
       URL = {https://doi.org/10.1007/s10711-006-9056-1},
}
@book {MR2271789,
    AUTHOR = {May, J. P. and Sigurdsson, J.},
     TITLE = {Parametrized homotopy theory},
    SERIES = {Mathematical Surveys and Monographs},
    VOLUME = {132},
 PUBLISHER = {American Mathematical Society, Providence, RI},
      YEAR = {2006},
     PAGES = {x+441},
      ISBN = {978-0-8218-3922-5; 0-8218-3922-5},
   MRCLASS = {55P42 (19L99 55N20 55N22 55P91)},
  MRNUMBER = {2271789},
MRREVIEWER = {A. A. Ranicki},
       DOI = {10.1090/surv/132},
       URL = {https://doi.org/10.1090/surv/132},
}
@article {MR242166,
    AUTHOR = {Kirby, R. C. and Siebenmann, L. C.},
     TITLE = {On the triangulation of manifolds and the {H}auptvermutung},
   JOURNAL = {Bull. Amer. Math. Soc.},
  FJOURNAL = {Bulletin of the American Mathematical Society},
    VOLUME = {75},
      YEAR = {1969},
     PAGES = {742--749},
      ISSN = {0002-9904},
   MRCLASS = {57.01},
  MRNUMBER = {242166},
MRREVIEWER = {R. K. Lashof},
       DOI = {10.1090/S0002-9904-1969-12271-8},
       URL = {https://doi.org/10.1090/S0002-9904-1969-12271-8},
}
@article {MR267487,
    AUTHOR = {Vasquez, Alphonse T.},
     TITLE = {Flat {R}iemannian manifolds},
   JOURNAL = {J. Differential Geometry},
  FJOURNAL = {Journal of Differential Geometry},
    VOLUME = {4},
      YEAR = {1970},
     PAGES = {367--382},
      ISSN = {0022-040X},
   MRCLASS = {53.72},
  MRNUMBER = {267487},
MRREVIEWER = {S. Takizawa},
       URL = {http://projecteuclid.org/euclid.jdg/1214429510},
}
@article {MR2684369,
    AUTHOR = {Harvey, David},
     TITLE = {A multimodular algorithm for computing {B}ernoulli numbers},
   JOURNAL = {Math. Comp.},
  FJOURNAL = {Mathematics of Computation},
    VOLUME = {79},
      YEAR = {2010},
    NUMBER = {272},
     PAGES = {2361--2370},
      ISSN = {0025-5718},
   MRCLASS = {11B68 (11Y60)},
  MRNUMBER = {2684369},
MRREVIEWER = {Samuel S. Wagstaff, Jr.},
       DOI = {10.1090/S0025-5718-2010-02367-1},
       URL = {https://doi.org/10.1090/S0025-5718-2010-02367-1},
}
@article {MR2813369,
    AUTHOR = {Buhler, J. P. and Harvey, D.},
     TITLE = {Irregular primes to 163 million},
   JOURNAL = {Math. Comp.},
  FJOURNAL = {Mathematics of Computation},
    VOLUME = {80},
      YEAR = {2011},
    NUMBER = {276},
     PAGES = {2435--2444},
      ISSN = {0025-5718},
   MRCLASS = {11Y40 (11B68 11R18)},
  MRNUMBER = {2813369},
MRREVIEWER = {Ali B. Ekin},
       DOI = {10.1090/S0025-5718-2011-02461-0},
       URL = {https://doi.org/10.1090/S0025-5718-2011-02461-0},
}
@book {MR2847943,
    AUTHOR = {Erickson, Martin},
     TITLE = {Beautiful mathematics},
    SERIES = {MAA Spectrum},
 PUBLISHER = {Mathematical Association of America, Washington, DC},
      YEAR = {2011},
     PAGES = {xiv+177},
      ISBN = {978-0-88385-576-8},
   MRCLASS = {00A09 (00-01 00A08)},
  MRNUMBER = {2847943},
MRREVIEWER = {Gr. Stanilov},
       DOI = {10.5948/UPO9781614445098},
       URL = {https://doi.org/10.5948/UPO9781614445098},
}
@article {MR2915482,
    AUTHOR = {Yu, Li},
     TITLE = {Discrete group actions and generalized real {B}ott manifolds},
   JOURNAL = {Math. Res. Lett.},
  FJOURNAL = {Mathematical Research Letters},
    VOLUME = {18},
      YEAR = {2011},
    NUMBER = {6},
     PAGES = {1289--1303},
      ISSN = {1073-2780},
   MRCLASS = {57N16 (57S17)},
  MRNUMBER = {2915482},
MRREVIEWER = {Mikiya Masuda},
       DOI = {10.4310/MRL.2011.v18.n6.a17},
       URL = {https://doi.org/10.4310/MRL.2011.v18.n6.a17},
}
@article {MR2962981,
    AUTHOR = {Fowler, J. and Ogle, C.},
     TITLE = {Bounded homotopy theory and the {$K$}-theory of weighted
              complexes},
   JOURNAL = {Tr. Mat. Inst. Steklova},
  FJOURNAL = {Trudy Matematicheskogo Instituta Imeni V. A. Steklova},
    VOLUME = {275},
      YEAR = {2011},
    NUMBER = {Klassicheskaya i Sovremennaya Matematika v Pole Deyatel\cprime nosti
              Borisa Nikolaevicha Delone},
     PAGES = {210--226},
      ISSN = {0371-9685},
   MRCLASS = {19D10 (55N91)},
  MRNUMBER = {2962981},
MRREVIEWER = {A. A. Ranicki},
       DOI = {10.1134/S0081543811080141},
       URL = {https://doi.org/10.1134/S0081543811080141},
}
@article {MR3038783,
    AUTHOR = {Chapoton, F. and Manivel, L.},
     TITLE = {Triangulations and {S}everi varieties},
   JOURNAL = {Exp. Math.},
  FJOURNAL = {Experimental Mathematics},
    VOLUME = {22},
      YEAR = {2013},
    NUMBER = {1},
     PAGES = {60--73},
      ISSN = {1058-6458},
   MRCLASS = {13F55 (14M17 17A35 51E15 51M35 52B70 55U10)},
  MRNUMBER = {3038783},
MRREVIEWER = {Fyodor L. Zak},
       DOI = {10.1080/10586458.2013.743854},
       URL = {https://doi.org/10.1080/10586458.2013.743854},
}
@article {MR3122335,
    AUTHOR = {Manolescu, Ciprian},
     TITLE = {The {C}onley index, gauge theory, and triangulations},
   JOURNAL = {J. Fixed Point Theory Appl.},
  FJOURNAL = {Journal of Fixed Point Theory and Applications},
    VOLUME = {13},
      YEAR = {2013},
    NUMBER = {2},
     PAGES = {431--457},
      ISSN = {1661-7738},
   MRCLASS = {57R58 (37B30 57-02 57M27 57Q15)},
  MRNUMBER = {3122335},
MRREVIEWER = {Ketty A. de Rezende},
       DOI = {10.1007/s11784-013-0134-3},
       URL = {https://doi.org/10.1007/s11784-013-0134-3},
}
@book {MR0339202,
    AUTHOR = {Zagier, Don Bernard},
     TITLE = {Equivariant {P}ontrjagin classes and applications to orbit
              spaces. {A}pplications of the {$G$}-signature theorem to
              transformation groups, symmetric products and number theory},
    SERIES = {Lecture Notes in Mathematics, Vol. 290},
 PUBLISHER = {Springer-Verlag, Berlin-New York},
      YEAR = {1972},
     PAGES = {viii+130},
   MRCLASS = {57D20},
  MRNUMBER = {0339202},
MRREVIEWER = {M. F. Atiyah},
}
@article {MR366817,
    AUTHOR = {Hall, R. R. and Jackson, T. H. and Sudbery, A. and Wild, K.},
     TITLE = {Some advances in the no-three-in-line problem},
   JOURNAL = {J. Combinatorial Theory Ser. A},
  FJOURNAL = {Journal of Combinatorial Theory. Series A},
    VOLUME = {18},
      YEAR = {1975},
     PAGES = {336--341},
      ISSN = {0097-3165},
   MRCLASS = {10E99 (05B30)},
  MRNUMBER = {366817},
MRREVIEWER = {Richard K. Guy},
       DOI = {10.1016/0097-3165(75)90043-6},
       URL = {https://doi.org/10.1016/0097-3165(75)90043-6},
}
@article {MR41889,
    AUTHOR = {Roth, K. F.},
     TITLE = {On a problem of {H}eilbronn},
   JOURNAL = {J. London Math. Soc.},
  FJOURNAL = {The Journal of the London Mathematical Society},
    VOLUME = {26},
      YEAR = {1951},
     PAGES = {198--204},
      ISSN = {0024-6107},
   MRCLASS = {10.0X},
  MRNUMBER = {41889},
MRREVIEWER = {P. Scherk},
       DOI = {10.1112/jlms/s1-26.3.198},
       URL = {https://doi.org/10.1112/jlms/s1-26.3.198},
}
@book {MR0440554,
    AUTHOR = {Milnor, John W. and Stasheff, James D.},
     TITLE = {Characteristic classes},
      NOTE = {Annals of Mathematics Studies, No. 76},
 PUBLISHER = {Princeton University Press, Princeton, N. J.; University of
              Tokyo Press, Tokyo},
      YEAR = {1974},
     PAGES = {vii+331},
   MRCLASS = {57-01 (55-02 55F40 57D20)},
  MRNUMBER = {0440554},
MRREVIEWER = {F. Hirzebruch},
}
@article {MR550674,
    AUTHOR = {Petrenko, A. K. and Petrenko, O. L.},
     TITLE = {The {B}abbage machine and the origins of programming},
   JOURNAL = {Istor.-Mat. Issled.},
  FJOURNAL = {Istoriko-Matematicheskie Issledovaniya},
    NUMBER = {24},
      YEAR = {1979},
     PAGES = {340--360, 389},
      ISSN = {0136-0949},
   MRCLASS = {01A55 (68-03)},
  MRNUMBER = {550674},
MRREVIEWER = {Garry J. Tee},
}
@book {MR554919,
    AUTHOR = {Hirschfeld, J. W. P.},
     TITLE = {Projective geometries over finite fields},
      NOTE = {Oxford Mathematical Monographs},
 PUBLISHER = {The Clarendon Press, Oxford University Press, New York},
      YEAR = {1979},
     PAGES = {xii+474},
      ISBN = {0-19-853526-0},
   MRCLASS = {51E15 (05B25 51E20)},
  MRNUMBER = {554919},
MRREVIEWER = {J\"{o}rn Zeuge},
}
@article {MR558395,
    AUTHOR = {Galewski, David E. and Stern, Ronald J.},
     TITLE = {Classification of simplicial triangulations of topological
              manifolds},
   JOURNAL = {Ann. of Math. (2)},
  FJOURNAL = {Annals of Mathematics. Second Series},
    VOLUME = {111},
      YEAR = {1980},
    NUMBER = {1},
     PAGES = {1--34},
      ISSN = {0003-486X},
   MRCLASS = {57Q15 (57Q25)},
  MRNUMBER = {558395},
MRREVIEWER = {R. C. Kirby},
       DOI = {10.2307/1971215},
       URL = {https://doi.org/10.2307/1971215},
}
@incollection {MR603653,
    AUTHOR = {Glazunov, N. M.},
     TITLE = {Algorithms for calculation of cohomology groups of finite
              groups. {I}},
 BOOKTITLE = {Computations in algebra and combinatorial analysis
              ({R}ussian)},
     PAGES = {208--218},
 PUBLISHER = {Akad. Nauk Ukrain. SSR, Inst. Kibernet., Kiev},
      YEAR = {1978},
   MRCLASS = {20J06 (20-04)},
  MRNUMBER = {603653},
}
@article {MR679066,
    AUTHOR = {Freedman, Michael Hartley},
     TITLE = {The topology of four-dimensional manifolds},
   JOURNAL = {J. Differential Geometry},
  FJOURNAL = {Journal of Differential Geometry},
    VOLUME = {17},
      YEAR = {1982},
    NUMBER = {3},
     PAGES = {357--453},
      ISSN = {0022-040X},
   MRCLASS = {57N12 (57R80 57R99)},
  MRNUMBER = {679066},
MRREVIEWER = {John J. Walsh},
       URL = {http://projecteuclid.org/euclid.jdg/1214437136},
}
@article {MR6980,
    AUTHOR = {Niven, Ivan},
     TITLE = {The roots of a quaternion},
   JOURNAL = {Amer. Math. Monthly},
  FJOURNAL = {American Mathematical Monthly},
    VOLUME = {49},
      YEAR = {1942},
     PAGES = {386--388},
      ISSN = {0002-9890},
   MRCLASS = {09.0X},
  MRNUMBER = {6980},
MRREVIEWER = {H. W. Brinkmann},
       DOI = {10.2307/2303134},
       URL = {https://doi.org/10.2307/2303134},
}
@incollection {MR802791,
    AUTHOR = {Quinn, Frank},
     TITLE = {Geometric algebra},
 BOOKTITLE = {Algebraic and geometric topology ({N}ew {B}runswick, {N}.{J}.,
              1983)},
    SERIES = {Lecture Notes in Math.},
    VOLUME = {1126},
     PAGES = {182--198},
 PUBLISHER = {Springer, Berlin},
      YEAR = {1985},
   MRCLASS = {57Q10 (18F25 19B28 19D35 55P99)},
  MRNUMBER = {802791},
MRREVIEWER = {Christopher W. Stark},
       DOI = {10.1007/BFb0074444},
       URL = {https://doi.org/10.1007/BFb0074444},
}
@article {MR884801,
    AUTHOR = {Yamasaki, Masayuki},
     TITLE = {{$L$}-groups of crystallographic groups},
   JOURNAL = {Invent. Math.},
  FJOURNAL = {Inventiones Mathematicae},
    VOLUME = {88},
      YEAR = {1987},
    NUMBER = {3},
     PAGES = {571--602},
      ISSN = {0020-9910},
   MRCLASS = {57N65 (18F25 19G24 19M05 58A35)},
  MRNUMBER = {884801},
MRREVIEWER = {A. A. Ranicki},
       DOI = {10.1007/BF01391832},
       URL = {https://doi.org/10.1007/BF01391832},
}
@book {MR953961,
    AUTHOR = {Anderson, Douglas R. and Munkholm, Hans J.},
     TITLE = {Boundedly controlled topology},
    SERIES = {Lecture Notes in Mathematics},
    VOLUME = {1323},
      NOTE = {Foundations of algebraic topology and simple homotopy theory},
 PUBLISHER = {Springer-Verlag, Berlin},
      YEAR = {1988},
     PAGES = {xii+309},
      ISBN = {3-540-19397-9},
   MRCLASS = {57R80 (57Q10)},
  MRNUMBER = {953961},
MRREVIEWER = {Frank Quinn},
       DOI = {10.1007/BFb0079806},
       URL = {https://doi.org/10.1007/BFb0079806},
}

@article {MR690848,
    AUTHOR = {Davis, Michael W.},
     TITLE = {Groups generated by reflections and aspherical manifolds not covered by Euclidean space},
   JOURNAL = {Ann. of Math. (2)},
  FJOURNAL = {Annals of Mathematics. Second Series},
    VOLUME = {117},
      YEAR = {1983},
    NUMBER = {2},
     PAGES = {293--324},
      ISSN = {0003-486X},
     CODEN = {ANMAAH},
   MRCLASS = {57S30 (20F38 51F15)},
  MRNUMBER = {MR690848 (86d:57025)},
MRREVIEWER = {B. N. Apanasov},
}

@incollection {MR1937019,
    AUTHOR = {Davis, Michael W.},
     TITLE = {Exotic aspherical manifolds},
 BOOKTITLE = {Topology of high-dimensional manifolds, {N}o. 1, 2 ({T}rieste,
              2001)},
    SERIES = {ICTP Lect. Notes},
    VOLUME = {9},
     PAGES = {371--404},
 PUBLISHER = {Abdus Salam Int. Cent. Theoret. Phys., Trieste},
      YEAR = {2002},
   MRCLASS = {57P99 (57Q99 57R55)},
  MRNUMBER = {MR1937019 (2004a:57031)},
}
		
@article {MR1408557,
    AUTHOR = {Stoll, Michael},
     TITLE = {Rational and transcendental growth series for the higher {H}eisenberg groups},
   JOURNAL = {Invent. Math.},
  FJOURNAL = {Inventiones Mathematicae},
    VOLUME = {126},
      YEAR = {1996},
    NUMBER = {1},
     PAGES = {85--109},
      ISSN = {0020-9910},
     CODEN = {INVMBH},
   MRCLASS = {20F05 (20F18 57M07)},
  MRNUMBER = {MR1408557 (98d:20033)},
}

@article {MR1131435,
    AUTHOR = {Davis, Michael W. and Januszkiewicz, Tadeusz},
     TITLE = {Hyperbolization of polyhedra},
   JOURNAL = {J. Differential Geom.},
  FJOURNAL = {Journal of Differential Geometry},
    VOLUME = {34},
      YEAR = {1991},
    NUMBER = {2},
     PAGES = {347--388},
      ISSN = {0022-040X},
     CODEN = {JDGEAS},
   MRCLASS = {57Q05 (53C20)},
  MRNUMBER = {MR1131435 (92h:57036)},
MRREVIEWER = {Werner Ballmann},
}
		

@article {MR2132170,
    AUTHOR = {Belolipetsky, Mikhail and Jones, Gareth A.},
     TITLE = {A bound for the number of automorphisms of an arithmetic
              {R}iemann surface},
   JOURNAL = {Math. Proc. Cambridge Philos. Soc.},
  FJOURNAL = {Mathematical Proceedings of the Cambridge Philosophical
              Society},
    VOLUME = {138},
      YEAR = {2005},
    NUMBER = {2},
     PAGES = {289--299},
      ISSN = {0305-0041},
     CODEN = {MPCPCO},
   MRCLASS = {30F35 (14H37 14H55)},
  MRNUMBER = {MR2132170 (2005k:30077)},
MRREVIEWER = {Jane Gilman},
       DOI = {10.1017/S0305004104008035},
       URL = {http://dx.doi.org/10.1017/S0305004104008035},
}
		

@article {MR2234702,
    AUTHOR = {Chernavsky, A. V. and Leksine, V. P.},
     TITLE = {Unrecognizability of manifolds},
   JOURNAL = {Ann. Pure Appl. Logic},
  FJOURNAL = {Annals of Pure and Applied Logic},
    VOLUME = {141},
      YEAR = {2006},
    NUMBER = {3},
     PAGES = {325--335},
      ISSN = {0168-0072},
     CODEN = {APALD7},
   MRCLASS = {57N15 (03B25 03D35)},
  MRNUMBER = {MR2234702 (2007b:57042)},
MRREVIEWER = {Sergej V. Matveev},
       DOI = {10.1016/j.apal.2005.12.011},
       URL = {http://dx.doi.org/10.1016/j.apal.2005.12.011},
}
		

@incollection {MR1389577,
    AUTHOR = {Herlihy, Maurice and Rajsbaum, Sergio},
     TITLE = {Algebraic topology and distributed computing---a primer},
 BOOKTITLE = {Computer science today},
    SERIES = {Lecture Notes in Comput. Sci.},
    VOLUME = {1000},
     PAGES = {203--217},
 PUBLISHER = {Springer},
   ADDRESS = {Berlin},
      YEAR = {1995},
   MRCLASS = {68Q10 (18G99)},
  MRNUMBER = {MR1389577 (97b:68059)},
}
		

@article {MR1845679,
    AUTHOR = {Kreck, Matthias},
     TITLE = {An inverse to the {P}oincar\'e conjecture},
      NOTE = {Festschrift: Erich Lamprecht},
   JOURNAL = {Arch. Math. (Basel)},
  FJOURNAL = {Archiv der Mathematik},
    VOLUME = {77},
      YEAR = {2001},
    NUMBER = {1},
     PAGES = {98--106},
      ISSN = {0003-889X},
     CODEN = {ACVMAL},
   MRCLASS = {57N15 (57Q25)},
  MRNUMBER = {MR1845679 (2002f:57048)},
MRREVIEWER = {Alberto Cavicchioli},
       DOI = {10.1007/PL00000470},
       URL = {http://dx.doi.org/10.1007/PL00000470},
}
		
@article {MR854249,
    AUTHOR = {Gorbatsevich, V. V.},
     TITLE = {Construction of a simply connected group with a given Lie algebra},
   JOURNAL = {Uspekhi Mat. Nauk},
  FJOURNAL = {Akademiya Nauk SSSR i Moskovskoe Matematicheskoe Obshchestvo.
              Uspekhi Matematicheskikh Nauk},
    VOLUME = {41},
      YEAR = {1986},
    NUMBER = {3(249)},
     PAGES = {177--178},
      ISSN = {0042-1316},
   MRCLASS = {22E60},
  MRNUMBER = {MR854249 (87m:22051)},
MRREVIEWER = {Dragomir {\v{Z}}. Djokovi{\'c}},
}
@article {MR932135,
    AUTHOR = {Gromov, M. and Piatetski-Shapiro, I.},
     TITLE = {Nonarithmetic groups in Lobachevsky spaces},
   JOURNAL = {Inst. Hautes \'Etudes Sci. Publ. Math.},
  FJOURNAL = {Institut des Hautes \'Etudes Scientifiques. Publications
              Math\'ematiques},
    NUMBER = {66},
      YEAR = {1988},
     PAGES = {93--103},
      ISSN = {0073-8301},
     CODEN = {PMIHA6},
   MRCLASS = {22E40},
  MRNUMBER = {MR932135 (89j:22019)},
MRREVIEWER = {Gopal Prasad},
}

@incollection {MR1919399,
    AUTHOR = {Furman, Alex},
     TITLE = {Coarse-geometric perspective on negatively curved manifolds
              and groups},
 BOOKTITLE = {Rigidity in dynamics and geometry ({C}ambridge, 2000)},
     PAGES = {149--166},
 PUBLISHER = {Springer},
   ADDRESS = {Berlin},
      YEAR = {2002},
   MRCLASS = {53C24 (20F67)},
  MRNUMBER = {MR1919399 (2003f:53062)},
MRREVIEWER = {Bachir Bekka},
}
		
@article {MR782558,
    AUTHOR = {Sunada, Toshikazu},
     TITLE = {Riemannian coverings and isospectral manifolds},
   JOURNAL = {Ann. of Math. (2)},
  FJOURNAL = {Annals of Mathematics. Second Series},
    VOLUME = {121},
      YEAR = {1985},
    NUMBER = {1},
     PAGES = {169--186},
      ISSN = {0003-486X},
     CODEN = {ANMAAH},
   MRCLASS = {58G25 (11F72 53C20 57M99)},
  MRNUMBER = {MR782558 (86h:58141)},
MRREVIEWER = {Scott Wolpert},
}

@inproceedings {MR1957048,
    AUTHOR = {Bestvina, Mladen},
     TITLE = {The topology of {${\rm Out}(F_n)$}},
 BOOKTITLE = {Proceedings of the {I}nternational {C}ongress of
              {M}athematicians, {V}ol. {II} ({B}eijing, 2002)},
     PAGES = {373--384},
 PUBLISHER = {Higher Ed. Press},
   ADDRESS = {Beijing},
      YEAR = {2002},
   MRCLASS = {57M07 (20E08 20F65)},
  MRNUMBER = {MR1957048 (2004a:57002)},
}
		

@inproceedings {MR1950871,
    AUTHOR = {Vogtmann, Karen},
     TITLE = {Automorphisms of free groups and outer space},
 BOOKTITLE = {Proceedings of the {C}onference on {G}eometric and
              {C}ombinatorial {G}roup {T}heory, {P}art {I} ({H}aifa, 2000)},
   JOURNAL = {Geom. Dedicata},
  FJOURNAL = {Geometriae Dedicata},
    VOLUME = {94},
      YEAR = {2002},
     PAGES = {1--31},
      ISSN = {0046-5755},
     CODEN = {GEMDAT},
   MRCLASS = {20F65 (05C25 20E05 20F28)},
  MRNUMBER = {MR1950871 (2004b:20060)},
MRREVIEWER = {Gilbert Levitt},
       DOI = {10.1023/A:1020973910646},
       URL = {http://dx.doi.org/10.1023/A:1020973910646},
}
		

@incollection {MR1754781,
    AUTHOR = {Ruelle, David},
     TITLE = {Conversations on mathematics with a visitor from outer space},
 BOOKTITLE = {Mathematics: frontiers and perspectives},
     PAGES = {251--259},
 PUBLISHER = {Amer. Math. Soc.},
   ADDRESS = {Providence, RI},
      YEAR = {2000},
   MRCLASS = {00A35},
  MRNUMBER = {MR1754781 (2001e:00006)},
MRREVIEWER = {Paul Ernest},
}
		

@article {MR1280122,
    AUTHOR = {L{\"u}ck, W.},
     TITLE = {Approximating {$L\sp 2$}-invariants by their
              finite-dimensional analogues},
   JOURNAL = {Geom. Funct. Anal.},
  FJOURNAL = {Geometric and Functional Analysis},
    VOLUME = {4},
      YEAR = {1994},
    NUMBER = {4},
     PAGES = {455--481},
      ISSN = {1016-443X},
     CODEN = {GFANFB},
   MRCLASS = {58G12 (46L85 57Q10)},
  MRNUMBER = {MR1280122 (95g:58234)},
MRREVIEWER = {Peter Haskell},
}
		

@book {MR1926649,
    AUTHOR = {L{\"u}ck, Wolfgang},
     TITLE = {{$L\sp 2$}-invariants: theory and applications to geometry and
              {$K$}-theory},
    SERIES = {Ergebnisse der Mathematik und ihrer Grenzgebiete. 3. Folge. A
              Series of Modern Surveys in Mathematics [Results in
              Mathematics and Related Areas. 3rd Series. A Series of Modern
              Surveys in Mathematics]},
    VOLUME = {44},
 PUBLISHER = {Springer-Verlag},
   ADDRESS = {Berlin},
      YEAR = {2002},
     PAGES = {xvi+595},
      ISBN = {3-540-43566-2},
   MRCLASS = {58J22 (19K56 46L80 57Q10 57R20 58J52)},
  MRNUMBER = {MR1926649 (2003m:58033)},
MRREVIEWER = {Thomas Schick},
}
		

@article {MR1758804,
    AUTHOR = {Ratcliffe, John G. and Tschantz, Steven T.},
     TITLE = {The volume spectrum of hyperbolic 4-manifolds},
   JOURNAL = {Experiment. Math.},
  FJOURNAL = {Experimental Mathematics},
    VOLUME = {9},
      YEAR = {2000},
    NUMBER = {1},
     PAGES = {101--125},
      ISSN = {1058-6458},
   MRCLASS = {57N13 (57M50)},
  MRNUMBER = {MR1758804 (2001b:57048)},
       URL = {http://projecteuclid.org/getRecord?id=euclid.em/1046889595},
}
		

@incollection {MR2191252,
    AUTHOR = {Ratcliffe, John G.},
     TITLE = {The geometry of hyperbolic manifolds of dimension at least 4},
 BOOKTITLE = {Non-{E}uclidean geometries},
    SERIES = {Math. Appl. (N. Y.)},
    VOLUME = {581},
     PAGES = {269--286},
 PUBLISHER = {Springer},
   ADDRESS = {New York},
      YEAR = {2006},
   MRCLASS = {57N15 (11F06 20H05)},
  MRNUMBER = {MR2191252 (2006k:57061)},
MRREVIEWER = {Yoichi Imayoshi},
}
		

@article {MR0075647,
    AUTHOR = {Chern, Shiing-shen},
     TITLE = {On curvature and characteristic classes of a {R}iemann
              manifold},
   JOURNAL = {Abh. Math. Sem. Univ. Hamburg},
  FJOURNAL = {Abhandlungen aus dem Mathematischen Seminar der Universit\"at
              Hamburg},
    VOLUME = {20},
      YEAR = {1955},
     PAGES = {117--126},
      ISSN = {0025-5858},
   MRCLASS = {53.1X},
  MRNUMBER = {MR0075647 (17,783e)},
MRREVIEWER = {W. M. Boothby},
}
		

@article {MR1758804,
    AUTHOR = {Ratcliffe, John G. and Tschantz, Steven T.},
     TITLE = {The volume spectrum of hyperbolic 4-manifolds},
   JOURNAL = {Experiment. Math.},
  FJOURNAL = {Experimental Mathematics},
    VOLUME = {9},
      YEAR = {2000},
    NUMBER = {1},
     PAGES = {101--125},
      ISSN = {1058-6458},
   MRCLASS = {57N13 (57M50)},
  MRNUMBER = {MR1758804 (2001b:57048)},
       URL = {http://projecteuclid.org/getRecord?id=euclid.em/1046889595},
}
		
