@article {MR2036915,
    AUTHOR = {Adams, C. and Colestock, A. and Fowler, J. and Gillam, W. and
              Katerman, E.},
     TITLE = {Cleanliness of geodesics in hyperbolic 3-manifolds},
   JOURNAL = {Pacific J. Math.},
  FJOURNAL = {Pacific Journal of Mathematics},
    VOLUME = {213},
      YEAR = {2004},
    NUMBER = {2},
     PAGES = {201--211},
      ISSN = {0030-8730},
     CODEN = {PJMAAI},
   MRCLASS = {57M50 (53C22 57N10)},
  MRNUMBER = {MR2036915 (2004m:57028)},
MRREVIEWER = {Nicolas Bergeron},
}

@article {MR2962981,
    AUTHOR = {Fowler, J. and Ogle, C.},
     TITLE = {Bounded homotopy theory and the {$K$}-theory of weighted
              complexes},
  SJOURNAL = {Tr. Mat. Inst. Steklova},
   JOURNAL = {Proc. Steklov Inst. Math.}, 
  FJOURNAL = {Trudy Matematicheskogo Instituta Imeni V. A. Steklova. Rossi\u\i skaya Akademiya Nauk},
    VOLUME = {275},
      YEAR = {2011},
    RUSSIAN_NUMBER = {Klassicheskaya i Sovremennaya Matematika v Pole Deyatelnosti Borisa Nikolaevicha Delone},
   NUMBER = {Classical and Contemporary Mathematics in honor of Boris Delone},
     PAGES = {210--226},
      ISSN = {0371-9685},
   MRCLASS = {19D10 (55N91)},
  MRNUMBER = {2962981},
MRREVIEWER = {A. A. Ranicki},
       DOI = {10.1134/S0081543811080141},
       URL = {http://dx.doi.org/10.1134/S0081543811080141},
}
		

@article {MR2177038,
    AUTHOR = {Adams, C. and Colestock, A. and Fowler, J. and Gillam, W. and
              Katerman, E.},
     TITLE = {Cusp size bounds from singular surfaces in hyperbolic
              3-manifolds},
   JOURNAL = {Trans. Amer. Math. Soc.},
  FJOURNAL = {Transactions of the American Mathematical Society},
    VOLUME = {358},
      YEAR = {2006},
    NUMBER = {2},
     PAGES = {727--741 (electronic)},
      ISSN = {0002-9947},
     CODEN = {TAMTAM},
   MRCLASS = {57M50},
  MRNUMBER = {MR2177038},
}

@incollection {MR1943285,
    AUTHOR = {Brandman, Jeremy and Fowler, James and Lins, Brian and
              Spitkovsky, Ilya and Zobin, Nahum},
     TITLE = {Convex hulls of {C}oxeter groups},
 BOOKTITLE = {Function spaces, interpolation theory and related topics
              (Lund, 2000)},
     PAGES = {213--240},
 PUBLISHER = {de Gruyter},
   ADDRESS = {Berlin},
      YEAR = {2002},
   MRCLASS = {51F15 (20F55 52A20)},
  MRNUMBER = {MR1943285 (2003j:51009)},
MRREVIEWER = {Christopher S. Simons},
}

@article {finiteness,
    AUTHOR = {Fowler, J.},
     TITLE = {Finiteness properties for some rational {P}oincar\'e duality groups},
   JOURNAL = {Illinois J. Math.},
  FJOURNAL = {Illinois Journal of Mathematics},
    VOLUME = {56},
      YEAR = {2012},
    NUMBER = {2},
     CODEN = {IJMTAW},
}

@article {aspherical,
    AUTHOR = {Davis, M. and Fowler, J. and Lafont, J.-F.},
     TITLE = {Aspherical manifolds that cannot be triangulated},
   JOURNAL = { Algebr. Geom. Topol.},
  FJOURNAL = {Algebraic and Geometric Topology},
      YEAR = {2013},
NOTE = {Accepted for publication},
}
