@ONLINE{gates-foundation-grant,
author = {Department of English},
title = {RCL Team Awarded \$50K Bill \& Melinda Gates Foundation Grant for MOOC ``Writing II: Rhetorical Composition.''},
month = jan,
year = {2013},
url = {http://go.osu.edu/english}
}

@article{shihdiscovery,
  title={Discovery of Student Strategies using Hidden Markov Model Clustering},
  year={2010},
  journal={International Conference on Educational Data Mining},
  author={Shih, Benjamin and Koedinger, Kenneth R and Scheines, Richard}
}

@article{romero2010educational,
  title={Educational data mining: a review of the state of the art},
  author={Romero, Crist{\'o}bal and Ventura, Sebasti{\'a}n},
  journal={Systems, Man, and Cybernetics, Part C: Applications and Reviews, IEEE Transactions on},
  volume={40},
  number={6},
  pages={601--618},
  year={2010},
  publisher={IEEE}
}

@book{albert1999knowledge,
  title={Knowledge spaces: Theories, empirical research, and applications},
  author={Albert, Dietrich and Lukas, Josef},
  year={1999},
  publisher={Psychology Press}
}

@ONLINE{itunesu,
author={Jim Fowler and Bart Snapp},
title={Calculus One},
month=Jun,
year=2013,
url={https://itunes.apple.com/us/course/calculus-one/id660718824}
}

@ONLINE{khan-academy,
author={Khan Academy},
title={Khan Academy Exercises},
month=Aug,
year=2013,
url={https://github.com/Khan/khan-exercises}
}

@ONLINE{ghmm,
author={Alexander Schliep and Ivan G. Costa and Benjamin Georgi and Christoph Hafemeister and Alexander Sch{\"o}nhuth and Md Pavel Mahmud},
title={The General Hidden Markov Model library},
month=Aug,
year=2013,
url={http://ghmm.org}
}

@ONLINE{tin-can-api,
author = {Rustici Software},
title = {What is the Tin Can API?},
month = aug,
year = {2013},
url = {http://tincanapi.com/overview/}
}

@ONLINE{steve-gubkin,
author = {Steven Gubkin},
title = {MOOCulus Exercises},
month = aug,
year = {2013},
url = {https://github.com/ASCTech/mooculus/tree/master/public/khan-exercises/exercises}
}

@ONLINE{edm-2014,
author = {Institute of Education},
title = {The 7th International Conference on Educational Data Mining},
url = {http://www.educationaldatamining.org/EDM2014/}
}

@article{RomeroZaldivar20121058,
title = "Monitoring student progress using virtual appliances: A case study ",
journal = "Computers \& Education ",
volume = "58",
number = "4",
pages = "1058 - 1067",
year = "2012",
note = "",
issn = "0360-1315",
doi = "http://dx.doi.org/10.1016/j.compedu.2011.12.003",
url = "http://www.sciencedirect.com/science/article/pii/S0360131511003198",
author = "Vicente-Arturo Romero-Zaldivar and Abelardo Pardo and Daniel Burgos and Carlos Delgado Kloos",
keywords = "Educational data mining",
keywords = "Learning analytics",
keywords = "Virtual appliances",
keywords = "Educational systems",
keywords = "Predictive systems "
}

@article{morris2013moocs,
  title={MOOCs, Emerging Technologies, and Quality},
  author={Morris, Libby V},
  journal={Innovative Higher Education},
  pages={1--2},
  year={2013},
  publisher={Springer}
}

@article{parry2012big,
  title={Big Data on Campus},
  author={Parry, Marc},
  journal={The New York Times},
  pages={1--9},
  year={2012}
}

@report{balakrishnan2013predicting,
  title={Predicting Student Retention in Massive Open Online Courses using Hidden Markov Models},
  author={Balakrishnan, Girish and Coetzee, Derrick},
number={UCB/EECS--2013--109},
INSTITUTION={Electrical Engineering and Computer Sciences, University of California at Berkeley},
MONTH={May},
YEAR={2013},
url={http://www.eecs.berkeley.edu/Pubs/TechRpts/2013/EECS-2013-109.pdf}
}

@article{anari2012intelligent,
  title={Intelligent E-Learning Systems Using Student Behavior Prediction},
  author={Anari, Morteza Saberi and Anari, Maryam Saberi},
  year={2012},
journal={Basic. Appl. Sci. Res},
pages={12017--12023},
volume=2,
number=12
}




@article {MR0202264,
    AUTHOR = {Baum, Leonard E. and Petrie, Ted},
     TITLE = {Statistical inference for probabilistic functions of finite
              state {M}arkov chains},
   JOURNAL = {Ann. Math. Statist.},
  FJOURNAL = {Annals of Mathematical Statistics},
    VOLUME = {37},
      YEAR = {1966},
     PAGES = {1554--1563},
      ISSN = {0003-4851},
   MRCLASS = {62.85},
  MRNUMBER = {0202264 (34 \#2137)},
MRREVIEWER = {K. Dietz},
}
		
@book {MR0123419,
    AUTHOR = {Billingsley, Patrick},
     TITLE = {Statistical inference for {M}arkov processes},
 PUBLISHER = {Statistical Research Monographs, Vol. II. The University of
              Chicago Press, Chicago, Ill.},
      YEAR = {1961},
     PAGES = {vii+75},
   MRCLASS = {62.85},
  MRNUMBER = {0123419 (23 \#A746)},
MRREVIEWER = {U. Grenander},
}

@inproceedings{khan2013automatic,
  title={Automatic Arabic pronunciation scoring for computer aided language learning},
  author={Khan, Ahmad and Fauzi, Ali and Mourad, Oudelha and Mannan, Amirul Mohamad Khairi Bin and Dahan, Hassan Basri Awang Mat and Abushariah, Mohammad AM},
  booktitle={Communications, Signal Processing, and their Applications (ICCSPA), 2013 1st International Conference on},
  pages={1--6},
  year={2013},
  organization={IEEE}
}


@article{Zafra201115020,
title = "Multiple instance learning for classifying students in learning management systems ",
journal = "Expert Systems with Applications ",
volume = "38",
number = "12",
pages = "15020 - 15031",
year = "2011",
note = "",
issn = "0957-4174",
doi = "http://dx.doi.org/10.1016/j.eswa.2011.05.044",
url = "http://www.sciencedirect.com/science/article/pii/S0957417411008281",
author = "Amelia Zafra and Crist{\'o}bal Romero and Sebasti{\'a}n Ventura",
keywords = "Educational data mining",
keywords = "Multiple instance learning",
keywords = "Traditional supervised learning "
}

@article{predict-grades,
year={2012},
issn={0269-2821},
journal={Artificial Intelligence Review},
volume={37},
number={4},
doi={10.1007/s10462-011-9234-x},
title={Use of machine learning techniques for educational proposes: a decision support system for forecasting students' grades},
url={http://dx.doi.org/10.1007/s10462-011-9234-x},
publisher={Springer Netherlands},
keywords={Machine learning; Educational data mining; Decision support tools},
author={Kotsiantis, S.B.},
pages={331-344},
language={English}
}

@inproceedings{java-data-mining,
  added-at = {2011-09-19T00:00:00.000+0200},
  author = {Perez, Rafael Pedraza and Romero, Crist{\'o}bal and Ventura, Sebasti{\'a}n},
  biburl = {http://www.bibsonomy.org/bibtex/204febaab04eb433e33d5e6b692cefea4/dblp},
  booktitle = {EDM},
  crossref = {conf/edm/2011},
  editor = {Pechenizkiy, Mykola and Calders, Toon and Conati, Cristina and Ventura, Sebasti{\'a}n and Romero, Crist{\'o}bal and Stamper, John C.},
  ee = {http://educationaldatamining.org/EDM2011/wp-content/uploads/proc/edm2011_poster3_Pedraza-Perez.pdf},
  interhash = {99cf2471f56500b3f43c915c22cb6b80},
  intrahash = {04febaab04eb433e33d5e6b692cefea4},
  isbn = {978-90-386-2537-9},
  keywords = {dblp},
  pages = {319-320},
  publisher = {www.educationaldatamining.org},
  timestamp = {2011-09-19T00:00:00.000+0200},
  title = {A Java Desktop Tool for Mining Moodle Data.},
  url = {http://dblp.uni-trier.de/db/conf/edm/edm2011.html#PerezRV11},
  year = 2011
}

@article {WIDM:WIDM1075,
author = {Romero, Crist{\'o}bal and Ventura, Sebastian},
title = {Data mining in education},
journal = {Wiley Interdisciplinary Reviews: Data Mining and Knowledge Discovery},
volume = {3},
number = {1},
publisher = {John Wiley & Sons, Inc.},
issn = {1942-4795},
url = {http://dx.doi.org/10.1002/widm.1075},
doi = {10.1002/widm.1075},
pages = {12--27},
year = {2013},
}

@article{hagerty2005using,
  title={Using the Web-Based Interactive Software ALEKS to Enhance College Algebra.},
  author={Hagerty, Gary and Smith, S},
  journal={Mathematics and Computer Education},
  volume={39},
  number={3},
  pages={183--194},
  year={2005},
  publisher={ERIC}
}


@article{miller-tech-enhanced-calculus,
  title={Technology-Enhanced Calculus Lectures},
  author={Miller, Elizabeth},
  journal={Academic Exchange Quarterly},
  volume={15},
  number={4},
  pages={47},
  year={2011},
  publisher={Chattanooga State Technical Community College}
}

@article{bressoud-sky-falling,
  title={Is the Sky Still Falling?},
  author={Bressoud, David},
  journal={Notices of the AMS},
  volume={56},
  pages={20--25},
  year={2009}
}

@book{dber-report,
  title={Discipline-Based Education Research: Understanding and Improving Learning in Undergraduate Science and Engineering},
  author={Singer, Susan R and Nielsen, Natalie R and Schweingruber, Heidi A and others},
  year={2012},
  publisher={National Academies Press}
}

@article{calculus-students,
author = {Bressoud, David M. and Carlson, Marilyn P. and Mesa, Vilma and Rasmussen, Chris},
title = {The calculus student: insights from the Mathematical Association of America national study},
journal = {International Journal of Mathematical Education in Science and Technology},
volume = {44},
number = {5},
pages = {685-698},
year = {2013},
doi = {10.1080/0020739X.2013.798874},

URL = {http://www.tandfonline.com/doi/abs/10.1080/0020739X.2013.798874},
eprint = {http://www.tandfonline.com/doi/pdf/10.1080/0020739X.2013.798874}
}


@report{calculus-programs,
author={Bressoud, D. and Carlson, Marilyn and Pearson, Pearson and Rasmussen, Chris},
title={Preliminary Results of the Study of Characteristics of Successful Program in College Calculus},
INSTITUTION={12th International Congress on Mathematics Education},
MONTH={July},
YEAR={2012},
url={http://www.maa.org/cspcc/TSG13_Bressoud.pdf}
}

@article {henderson-change,
author = {Henderson, Charles and Beach, Andrea and Finkelstein, Noah},
title = {Facilitating change in undergraduate {STEM} instructional practices: An analytic review of the literature},
journal = {Journal of Research in Science Teaching},
volume = {48},
number = {8},
publisher = {Wiley Subscription Services, Inc., A Wiley Company},
issn = {1098-2736},
url = {http://dx.doi.org/10.1002/tea.20439},
doi = {10.1002/tea.20439},
pages = {952--984},
keywords = {teacher change, science education, higher education, pedagogy, professional development},
year = {2011},
}

@article{evans,
  title={MOOCulus for Calculus Fun: An Interview with Tom Evans},
  author={Jessica Knott},
  journal={ETC Journal: a journal for educational technology and change.},
  volume={July},
  year={2013},
}

@book{bowen2013higher,
  title={Higher education in the digital age},
  author={Bowen, William G},
  year={2013},
  publisher={Princeton University Press}
}

@article{angus2009does,
  title={Does regular online testing enhance student learning in the numerical sciences? Robust evidence from a large data set},
  author={Angus, Simon D and Watson, Judith},
  journal={British Journal of Educational Technology},
  volume={40},
  number={2},
  pages={255--272},
  year={2009},
  publisher={Wiley Online Library}
}
@inproceedings{boyer2013student,
  title={Student Interaction with Online Multimedia Learning Modules as an Early Warning System for Poor Course Performance},
  author={Boyer, Jeffrey and Christensen, Warren},
  booktitle={World Conference on Educational Multimedia, Hypermedia and Telecommunications},
  volume={2013},
  number={1},
  pages={1848--1852},
  year={2013}
}

@article{walksat,
  title={Local search strategies for satisfiability testing},
  author={Selman, Bart and Kautz, Henry and Cohen, Bram and others},
  journal={Cliques, coloring, and satisfiability: Second DIMACS implementation challenge},
  volume={26},
  pages={521--532},
  year={1993}
}

@article{manolescu2013conley,
  title={The Conley index, gauge theory, and triangulations},
  author={Manolescu, Ciprian},
  journal={Journal of Fixed Point Theory and Applications},
  pages={1--27},
  year={2013},
  publisher={Springer}
}

@article {aspherical,
    AUTHOR = {Davis, M. and Fowler, J. and Lafont, J.-F.},
     TITLE = {Aspherical manifolds that cannot be triangulated},
   JOURNAL = { Algebr. Geom. Topol.},
  FJOURNAL = {Algebraic and Geometric Topology},
      YEAR = {2013},
NOTE = {Accepted for publication},
}

@article{natural-images,
  title={On the local behavior of spaces of natural images},
  author={Carlsson, Gunnar and Ishkhanov, Tigran and De Silva, Vin and Zomorodian, Afra},
  journal={International journal of computer vision},
  volume={76},
  number={1},
  pages={1--12},
  year={2008},
  publisher={Springer}
}

@Article{originalhornos,
   Author="Hornos, J. E.  and Hornos, Y. M. ",
   Title="{{A}lgebraic model for the evolution of the genetic code}",
   Journal="Phys. Rev. Lett.",
   Year="1993",
   Volume="71",
   Pages="4401--4404",
   Month="Dec"
}

@Article{supersymmetry,
   Author="Bashford, J. D.  and Tsohantjis, I.  and Jarvis, P. D. ",
   Title="{{A} supersymmetric model for the evolution of the genetic code}",
   Journal="Proc. Natl. Acad. Sci. U.S.A.",
   Year="1998",
   Volume="95",
   Pages="987--992",
   Month="Feb"
}

% 15185745 
@Article{kleinfourgroup,
   Author="Hornos, J. E.  and Braggion, L.  and Magini, M.  and Forger, M. ",
   Title="{{S}ymmetry preservation in the evolution of the genetic code}",
   Journal="IUBMB Life",
   Year="2004",
   Volume="56",
   Pages="125--130",
   Month="Mar"
}

@MISC{forger-1999,
  author = {Michael Forger and Sebastian Sachse},
  title = {Lie Superalgebras and the Multiplet Structure of the Genetic Code II:   Branching Schemes},
  url = {http://www.citebase.org/abstract?id=oai:arXiv.org:math-ph/9905017},
  year = {1999}
}

@MISC{forger-1998,
  author = {F.~M.~ Forger and R.~S.~ Sachse},
  title = {Lie Superalgebras and the Multiplet Structure of the Genetic Code I:   Codon Representations},
  url = {http://www.citebase.org/abstract?id=oai:arXiv.org:math-ph/9808001},
  year = {1998}
}

@ARTICLE{2012arXiv1203.6604F,
   author = {{Fowler}, J. and {Groot}, A. and {Pandya}, D. and {Snapp}, B.
	},
    title = "{The no-three-in-line problem on a torus}",
  journal = {ArXiv e-prints},
archivePrefix = "arXiv",
   eprint = {1203.6604},
 primaryClass = "math.CO",
 keywords = {Mathematics - Combinatorics, Mathematics - Commutative Algebra, 05B30, 12Y05},
     year = 2012,
    month = mar,
   adsurl = {http://adsabs.harvard.edu/abs/2012arXiv1203.6604F},
  adsnote = {Provided by the SAO/NASA Astrophysics Data System}
}


@incollection {MR1747535,
    AUTHOR = {Davis, Michael W.},
     TITLE = {Poincar\'e duality groups},
 BOOKTITLE = {Surveys on surgery theory, {V}ol. 1},
    SERIES = {Ann. of Math. Stud.},
    VOLUME = {145},
     PAGES = {167--193},
 PUBLISHER = {Princeton Univ. Press},
   ADDRESS = {Princeton, NJ},
      YEAR = {2000},
   MRCLASS = {57M07 (20J05 57P10 57R19)},
  MRNUMBER = {1747535 (2001b:57001)},
MRREVIEWER = {Yurij V. Muranov},
}
		



@article {MR884801,
    AUTHOR = {Yamasaki, Masayuki},
     TITLE = {{$L$}-groups of crystallographic groups},
   JOURNAL = {Invent. Math.},
  FJOURNAL = {Inventiones Mathematicae},
    VOLUME = {88},
      YEAR = {1987},
    NUMBER = {3},
     PAGES = {571--602},
      ISSN = {0020-9910},
     CODEN = {INVMBH},
   MRCLASS = {57N65 (18F25 19G24 19M05 58A35)},
  MRNUMBER = {884801 (88c:57017)},
MRREVIEWER = {A. A. Ranicki},
       DOI = {10.1007/BF01391832},
       URL = {http://dx.doi.org/10.1007/BF01391832},
}
		



@article {MR1465330,
    AUTHOR = {Bestvina, Mladen and Brady, Noel},
     TITLE = {Morse theory and finiteness properties of groups},
   JOURNAL = {Invent. Math.},
  FJOURNAL = {Inventiones Mathematicae},
    VOLUME = {129},
      YEAR = {1997},
    NUMBER = {3},
     PAGES = {445--470},
      ISSN = {0020-9910},
     CODEN = {INVMBH},
   MRCLASS = {20F36 (20J05 57M07)},
  MRNUMBER = {1465330 (98i:20039)},
MRREVIEWER = {John Meier},
       DOI = {10.1007/s002220050168},
       URL = {http://dx.doi.org/10.1007/s002220050168},
}
		



@book {MR1027600,
    AUTHOR = {L{\"u}ck, Wolfgang},
     TITLE = {Transformation groups and algebraic {$K$}-theory},
    SERIES = {Lecture Notes in Mathematics},
    VOLUME = {1408},
      NOTE = {Mathematica Gottingensis},
 PUBLISHER = {Springer-Verlag},
   ADDRESS = {Berlin},
      YEAR = {1989},
     PAGES = {xii+443},
      ISBN = {3-540-51846-0},
   MRCLASS = {57Sxx (18F25 19-02 57Q10 57Q12)},
  MRNUMBER = {1027600 (91g:57036)},
MRREVIEWER = {A. A. Ranicki},
}
		



@article {MR2036915,
    AUTHOR = {Adams, C. and Colestock, A. and Fowler, J. and Gillam, W. and
              Katerman, E.},
     TITLE = {Cleanliness of geodesics in hyperbolic 3-manifolds},
   JOURNAL = {Pacific J. Math.},
  FJOURNAL = {Pacific Journal of Mathematics},
    VOLUME = {213},
      YEAR = {2004},
    NUMBER = {2},
     PAGES = {201--211},
      ISSN = {0030-8730},
     CODEN = {PJMAAI},
   MRCLASS = {57M50 (53C22 57N10)},
  MRNUMBER = {2036915 (2004m:57028)},
MRREVIEWER = {Nicolas Bergeron},
       DOI = {10.2140/pjm.2004.213.201},
       URL = {http://dx.doi.org/10.2140/pjm.2004.213.201},
}
		



@incollection {MR1943285,
    AUTHOR = {Brandman, Jeremy and Fowler, James and Lins, Brian and
              Spitkovsky, Ilya and Zobin, Nahum},
     TITLE = {Convex hulls of {C}oxeter groups},
 BOOKTITLE = {Function spaces, interpolation theory and related topics
              ({L}und, 2000)},
     PAGES = {213--240},
 PUBLISHER = {de Gruyter},
   ADDRESS = {Berlin},
      YEAR = {2002},
   MRCLASS = {51F15 (20F55 52A20)},
  MRNUMBER = {1943285 (2003j:51009)},
MRREVIEWER = {Christopher S. Simons},
}
		



@article {MR2177038,
    AUTHOR = {Adams, C. and Colestock, A. and Fowler, J. and Gillam, W. and
              Katerman, E.},
     TITLE = {Cusp size bounds from singular surfaces in hyperbolic
              3-manifolds},
   JOURNAL = {Trans. Amer. Math. Soc.},
  FJOURNAL = {Transactions of the American Mathematical Society},
    VOLUME = {358},
      YEAR = {2006},
    NUMBER = {2},
     PAGES = {727--741},
      ISSN = {0002-9947},
     CODEN = {TAMTAM},
   MRCLASS = {57M50},
  MRNUMBER = {2177038 (2006k:57041)},
MRREVIEWER = {Bruno Martelli},
       DOI = {10.1090/S0002-9947-05-03662-7},
       URL = {http://dx.doi.org/10.1090/S0002-9947-05-03662-7},
}
		



@article {MR242166,
    AUTHOR = {Kirby, R. C. and Siebenmann, L. C.},
     TITLE = {On the triangulation of manifolds and the {H}auptvermutung},
   JOURNAL = {Bull. Amer. Math. Soc.},
  FJOURNAL = {Bulletin of the American Mathematical Society},
    VOLUME = {75},
      YEAR = {1969},
     PAGES = {742--749},
      ISSN = {0002-9904},
   MRCLASS = {57.01},
  MRNUMBER = {0242166 (39 \#3500)},
MRREVIEWER = {R. K. Lashof},
}
		



@article {MR679066,
    AUTHOR = {Freedman, Michael Hartley},
     TITLE = {The topology of four-dimensional manifolds},
   JOURNAL = {J. Differential Geom.},
  FJOURNAL = {Journal of Differential Geometry},
    VOLUME = {17},
      YEAR = {1982},
    NUMBER = {3},
     PAGES = {357--453},
      ISSN = {0022-040X},
     CODEN = {JDGEAS},
   MRCLASS = {57N12 (57R80 57R99)},
  MRNUMBER = {679066 (84b:57006)},
MRREVIEWER = {John J. Walsh},
       URL = {http://projecteuclid.org/getRecord?id=euclid.jdg/1214437136},
}
		



@article {MR1131435,
    AUTHOR = {Davis, Michael W. and Januszkiewicz, Tadeusz},
     TITLE = {Hyperbolization of polyhedra},
   JOURNAL = {J. Differential Geom.},
  FJOURNAL = {Journal of Differential Geometry},
    VOLUME = {34},
      YEAR = {1991},
    NUMBER = {2},
     PAGES = {347--388},
      ISSN = {0022-040X},
     CODEN = {JDGEAS},
   MRCLASS = {57Q05 (53C20)},
  MRNUMBER = {1131435 (92h:57036)},
MRREVIEWER = {Werner Ballmann},
       URL = {http://projecteuclid.org/getRecord?id=euclid.jdg/1214447212},
}
		



@article {MR558395,
    AUTHOR = {Galewski, David E. and Stern, Ronald J.},
     TITLE = {Classification of simplicial triangulations of topological
              manifolds},
   JOURNAL = {Ann. of Math. (2)},
  FJOURNAL = {Annals of Mathematics. Second Series},
    VOLUME = {111},
      YEAR = {1980},
    NUMBER = {1},
     PAGES = {1--34},
      ISSN = {0003-486X},
     CODEN = {ANMAAH},
   MRCLASS = {57Q15 (57Q25)},
  MRNUMBER = {558395 (81f:57012)},
MRREVIEWER = {R. C. Kirby},
       DOI = {10.2307/1971215},
       URL = {http://dx.doi.org/10.2307/1971215},
}
		



@incollection {MR603653,
    AUTHOR = {Glazunov, N. M.},
     TITLE = {Algorithms for calculation of cohomology groups of finite
              groups. {I}},
 BOOKTITLE = {Computations in algebra and combinatorial analysis
              ({R}ussian)},
     PAGES = {208--218},
 PUBLISHER = {Akad. Nauk Ukrain. SSR Inst. Kibernet.},
   ADDRESS = {Kiev},
      YEAR = {1978},
   MRCLASS = {20J06 (20-04)},
  MRNUMBER = {603653 (82f:20080)},
}
		



@article {MR2093885,
    AUTHOR = {Ellis, Graham},
     TITLE = {Computing group resolutions},
   JOURNAL = {J. Symbolic Comput.},
  FJOURNAL = {Journal of Symbolic Computation},
    VOLUME = {38},
      YEAR = {2004},
    NUMBER = {3},
     PAGES = {1077--1118},
      ISSN = {0747-7171},
   MRCLASS = {20J06 (57M07)},
  MRNUMBER = {2093885 (2006b:20076)},
MRREVIEWER = {Stephen J. Pride},
       DOI = {10.1016/j.jsc.2004.03.003},
       URL = {http://dx.doi.org/10.1016/j.jsc.2004.03.003},
}
		



@incollection {MR1388296,
     TITLE = {The problem session},
 BOOKTITLE = {Novikov conjectures, index theorems and rigidity, {V}ol.\ 1
              ({O}berwolfach, 1993)},
    SERIES = {London Math. Soc. Lecture Note Ser.},
    VOLUME = {226},
     PAGES = {67--78},
 PUBLISHER = {Cambridge Univ. Press},
   ADDRESS = {Cambridge},
      YEAR = {1995},
   MRCLASS = {58-02 (57-02)},
  MRNUMBER = {1388296},
}
		



@article {MR1394965,
    AUTHOR = {Bryant, J. and Ferry, S. and Mio, W. and Weinberger, S.},
     TITLE = {Topology of homology manifolds},
   JOURNAL = {Ann. of Math. (2)},
  FJOURNAL = {Annals of Mathematics. Second Series},
    VOLUME = {143},
      YEAR = {1996},
    NUMBER = {3},
     PAGES = {435--467},
      ISSN = {0003-486X},
     CODEN = {ANMAAH},
   MRCLASS = {57P99},
  MRNUMBER = {1394965 (97b:57017)},
MRREVIEWER = {A. A. Ranicki},
       DOI = {10.2307/2118532},
       URL = {http://dx.doi.org/10.2307/2118532},
}
		



@book {MR339202,
    AUTHOR = {Zagier, Don Bernard},
     TITLE = {Equivariant {P}ontrjagin classes and applications to orbit
              spaces. {A}pplications of the {$G$}-signature theorem to
              transformation groups, symmetric products and number theory},
    SERIES = {Lecture Notes in Mathematics, Vol. 290},
 PUBLISHER = {Springer-Verlag},
   ADDRESS = {Berlin},
      YEAR = {1972},
     PAGES = {viii+130},
   MRCLASS = {57D20},
  MRNUMBER = {0339202 (49 \#3965)},
MRREVIEWER = {M. F. Atiyah},
}
		



@article {MR133837,
    AUTHOR = {Adams, J. F.},
     TITLE = {Vector fields on spheres},
   JOURNAL = {Bull. Amer. Math. Soc.},
  FJOURNAL = {Bulletin of the American Mathematical Society},
    VOLUME = {68},
      YEAR = {1962},
     PAGES = {39--41},
      ISSN = {0002-9904},
   MRCLASS = {57.34},
  MRNUMBER = {0133837 (24 \#A3662)},
MRREVIEWER = {M. F. Atiyah},
}
		



@article {MR2813369,
    AUTHOR = {Buhler, J. P. and Harvey, D.},
     TITLE = {Irregular primes to 163 million},
   JOURNAL = {Math. Comp.},
  FJOURNAL = {Mathematics of Computation},
    VOLUME = {80},
      YEAR = {2011},
    NUMBER = {276},
     PAGES = {2435--2444},
      ISSN = {0025-5718},
     CODEN = {MCMPAF},
   MRCLASS = {11Y40 (11B68 11R18)},
  MRNUMBER = {2813369 (2012j:11243)},
MRREVIEWER = {Ali B. Ekin},
       DOI = {10.1090/S0025-5718-2011-02461-0},
       URL = {http://dx.doi.org/10.1090/S0025-5718-2011-02461-0},
}
		



@article {MR2684369,
    AUTHOR = {Harvey, David},
     TITLE = {A multimodular algorithm for computing {B}ernoulli numbers},
   JOURNAL = {Math. Comp.},
  FJOURNAL = {Mathematics of Computation},
    VOLUME = {79},
      YEAR = {2010},
    NUMBER = {272},
     PAGES = {2361--2370},
      ISSN = {0025-5718},
     CODEN = {MCMPAF},
   MRCLASS = {11B68 (11Y60)},
  MRNUMBER = {2684369 (2011h:11019)},
MRREVIEWER = {Samuel S. Wagstaff, Jr.},
       DOI = {10.1090/S0025-5718-2010-02367-1},
       URL = {http://dx.doi.org/10.1090/S0025-5718-2010-02367-1},
}
		



@article {MR550674,
    AUTHOR = {Petrenko, A. K. and Petrenko, O. L.},
     TITLE = {The {B}abbage machine and the origins of programming},
   JOURNAL = {Istor.-Mat. Issled.},
  FJOURNAL = {Istoriko-Matematicheskie Issledovaniya},
    NUMBER = {24},
      YEAR = {1979},
     PAGES = {340--360, 389},
      ISSN = {0136-0949},
     CODEN = {IMAIAS},
   MRCLASS = {01A55 (68-03)},
  MRNUMBER = {550674 (83b:01045)},
MRREVIEWER = {Garry J. Tee},
}
		



@article {MR1180457,
    AUTHOR = {Brehm, Ulrich and K{\"u}hnel, Wolfgang},
     TITLE = {{$15$}-vertex triangulations of an {$8$}-manifold},
   JOURNAL = {Math. Ann.},
  FJOURNAL = {Mathematische Annalen},
    VOLUME = {294},
      YEAR = {1992},
    NUMBER = {1},
     PAGES = {167--193},
      ISSN = {0025-5831},
     CODEN = {MAANA},
   MRCLASS = {57Q15 (52B70)},
  MRNUMBER = {1180457 (94e:57033)},
       DOI = {10.1007/BF01934320},
       URL = {http://dx.doi.org/10.1007/BF01934320},
}
		



@article {MR3038783,
    AUTHOR = {Chapoton, F. and Manivel, L.},
     TITLE = {Triangulations and {S}everi varieties},
   JOURNAL = {Exp. Math.},
  FJOURNAL = {Experimental Mathematics},
    VOLUME = {22},
      YEAR = {2013},
    NUMBER = {1},
     PAGES = {60--73},
      ISSN = {1058-6458},
   MRCLASS = {13F55 (14M17 17A35 51M35 52B70 55U10)},
  MRNUMBER = {3038783},
       DOI = {10.1080/10586458.2013.743854},
       URL = {http://dx.doi.org/10.1080/10586458.2013.743854},
}
		



@book {MR440554,
    AUTHOR = {Milnor, John W. and Stasheff, James D.},
     TITLE = {Characteristic classes},
      NOTE = {Annals of Mathematics Studies, No. 76},
 PUBLISHER = {Princeton University Press},
   ADDRESS = {Princeton, N. J.},
      YEAR = {1974},
     PAGES = {vii+331},
   MRCLASS = {57-01 (55-02 55F40 57D20)},
  MRNUMBER = {0440554 (55 \#13428)},
MRREVIEWER = {F. Hirzebruch},
}
		



@article {MR2252897,
    AUTHOR = {Szczepa{\'n}ski, Andrzej},
     TITLE = {Problems on {B}ieberbach groups and flat manifolds},
   JOURNAL = {Geom. Dedicata},
  FJOURNAL = {Geometriae Dedicata},
    VOLUME = {120},
      YEAR = {2006},
     PAGES = {111--118},
      ISSN = {0046-5755},
     CODEN = {GEMDAT},
   MRCLASS = {20H15 (20F18 51M05 57S30)},
  MRNUMBER = {2252897 (2007k:20109)},
MRREVIEWER = {Juan Pablo Rossetti},
       DOI = {10.1007/s10711-006-9056-1},
       URL = {http://dx.doi.org/10.1007/s10711-006-9056-1},
}
		



@article {MR267487,
    AUTHOR = {Vasquez, Alphonse T.},
     TITLE = {Flat {R}iemannian manifolds},
   JOURNAL = {J. Differential Geometry},
  FJOURNAL = {Journal of Differential Geometry},
    VOLUME = {4},
      YEAR = {1970},
     PAGES = {367--382},
      ISSN = {0022-040X},
   MRCLASS = {53.72},
  MRNUMBER = {0267487 (42 \#2389)},
MRREVIEWER = {S. Takizawa},
}
		



@article {MR2915482,
    AUTHOR = {Yu, Li},
     TITLE = {Discrete group actions and generalized real {B}ott manifolds},
   JOURNAL = {Math. Res. Lett.},
  FJOURNAL = {Mathematical Research Letters},
    VOLUME = {18},
      YEAR = {2011},
    NUMBER = {6},
     PAGES = {1289--1303},
      ISSN = {1073-2780},
   MRCLASS = {57N16 (57S17)},
  MRNUMBER = {2915482},
MRREVIEWER = {Mikiya Masuda},
       DOI = {10.4310/MRL.2011.v18.n6.a17},
       URL = {http://dx.doi.org/10.4310/MRL.2011.v18.n6.a17},
}
		



@incollection {MR1253544,
    AUTHOR = {Gromov, M.},
     TITLE = {Asymptotic invariants of infinite groups},
 BOOKTITLE = {Geometric group theory, {V}ol.\ 2 ({S}ussex, 1991)},
    SERIES = {London Math. Soc. Lecture Note Ser.},
    VOLUME = {182},
     PAGES = {1--295},
 PUBLISHER = {Cambridge Univ. Press},
   ADDRESS = {Cambridge},
      YEAR = {1993},
   MRCLASS = {20F32 (57M07)},
  MRNUMBER = {1253544 (95m:20041)},
}
		



@article {MR171284,
    AUTHOR = {Wall, C. T. C.},
     TITLE = {Finiteness conditions for {${\rm CW}$}-complexes},
   JOURNAL = {Ann. of Math. (2)},
  FJOURNAL = {Annals of Mathematics. Second Series},
    VOLUME = {81},
      YEAR = {1965},
     PAGES = {56--69},
      ISSN = {0003-486X},
   MRCLASS = {55.40},
  MRNUMBER = {0171284 (30 \#1515)},
MRREVIEWER = {A. Dold},
}
		



@article {MR2109110,
    AUTHOR = {Ogle, C.},
     TITLE = {Polynomially bounded cohomology and discrete groups},
   JOURNAL = {J. Pure Appl. Algebra},
  FJOURNAL = {Journal of Pure and Applied Algebra},
    VOLUME = {195},
      YEAR = {2005},
    NUMBER = {2},
     PAGES = {173--209},
      ISSN = {0022-4049},
     CODEN = {JPAAA2},
   MRCLASS = {20J05 (18G10 18G40 20F05 20F65)},
  MRNUMBER = {2109110 (2007b:20107)},
MRREVIEWER = {Dessislava H. Kochloukova},
       DOI = {10.1016/j.jpaa.2004.06.009},
       URL = {http://dx.doi.org/10.1016/j.jpaa.2004.06.009},
}
		



@article {MR2962981,
    AUTHOR = {Fowler, J. and Ogle, C.},
     TITLE = {Bounded homotopy theory and the {$K$}-theory of weighted
              complexes},
   JOURNAL = {Tr. Mat. Inst. Steklova},
  FJOURNAL = {Trudy Matematicheskogo Instituta Imeni V. A. Steklova.
              Rossi\u\i skaya Akademiya Nauk},
    VOLUME = {275},
      YEAR = {2011},
    NUMBER = {Klassicheskaya i Sovremennaya Matematika v Pole Deyatelnosti
              Borisa Nikolaevicha Delone},
     PAGES = {210--226},
      ISSN = {0371-9685},
   MRCLASS = {19D10 (55N91)},
  MRNUMBER = {2962981},
MRREVIEWER = {A. A. Ranicki},
       DOI = {10.1134/S0081543811080141},
       URL = {http://dx.doi.org/10.1134/S0081543811080141},
}
		



@incollection {MR802791,
    AUTHOR = {Quinn, Frank},
     TITLE = {Geometric algebra},
 BOOKTITLE = {Algebraic and geometric topology ({N}ew {B}runswick, {N}.{J}.,
              1983)},
    SERIES = {Lecture Notes in Math.},
    VOLUME = {1126},
     PAGES = {182--198},
 PUBLISHER = {Springer},
   ADDRESS = {Berlin},
      YEAR = {1985},
   MRCLASS = {57Q10 (18F25 19B28 19D35 55P99)},
  MRNUMBER = {802791 (86m:57023)},
MRREVIEWER = {Christopher W. Stark},
       DOI = {10.1007/BFb0074444},
       URL = {http://dx.doi.org/10.1007/BFb0074444},
}
		



@article {MR1983017,
    AUTHOR = {Christensen, Ren{\'e} Depont and Munkholm, Hans J{\o}rgen},
     TITLE = {Topology with monoidal control},
   JOURNAL = {Homology Homotopy Appl.},
  FJOURNAL = {Homology, Homotopy and Applications},
    VOLUME = {4},
      YEAR = {2002},
    NUMBER = {1},
     PAGES = {213--234},
      ISSN = {1512-0139},
   MRCLASS = {55U35 (18D10 18E10)},
  MRNUMBER = {1983017 (2004d:55018)},
MRREVIEWER = {C. Bruce Hughes},
}
		



@article {MR1451755,
    AUTHOR = {Higson, Nigel and Pedersen, Erik Kj{\ae}r and Roe, John},
     TITLE = {{$C^\ast$}-algebras and controlled topology},
   JOURNAL = {$K$-Theory},
  FJOURNAL = {$K$-Theory. An Interdisciplinary Journal for the Development,
              Application, and Influence of $K$-Theory in the Mathematical
              Sciences},
    VOLUME = {11},
      YEAR = {1997},
    NUMBER = {3},
     PAGES = {209--239},
      ISSN = {0920-3036},
     CODEN = {KTHEEO},
   MRCLASS = {19K56 (46L80 46L87 57R67 58G12)},
  MRNUMBER = {1451755 (98g:19009)},
MRREVIEWER = {Carla Farsi},
       DOI = {10.1023/A:1007705726771},
       URL = {http://dx.doi.org/10.1023/A:1007705726771},
}
		



@article {MR1644309,
    AUTHOR = {Weiss, Michael and Williams, Bruce},
     TITLE = {Duality in {W}aldhausen categories},
   JOURNAL = {Forum Math.},
  FJOURNAL = {Forum Mathematicum},
    VOLUME = {10},
      YEAR = {1998},
    NUMBER = {5},
     PAGES = {533--603},
      ISSN = {0933-7741},
     CODEN = {FOMAEF},
   MRCLASS = {19D10 (57N65 57R65)},
  MRNUMBER = {1644309 (99g:19002)},
MRREVIEWER = {A. A. Ranicki},
       DOI = {10.1515/form.10.5.533},
       URL = {http://dx.doi.org/10.1515/form.10.5.533},
}
		



@book {MR953961,
    AUTHOR = {Anderson, Douglas R. and Munkholm, Hans J.},
     TITLE = {Boundedly controlled topology},
    SERIES = {Lecture Notes in Mathematics},
    VOLUME = {1323},
      NOTE = {Foundations of algebraic topology and simple homotopy theory},
 PUBLISHER = {Springer-Verlag},
   ADDRESS = {Berlin},
      YEAR = {1988},
     PAGES = {xii+309},
      ISBN = {3-540-19397-9},
   MRCLASS = {57R80 (57Q10)},
  MRNUMBER = {953961 (89h:57029)},
MRREVIEWER = {Frank Quinn},
}
		



@book {MR2271789,
    AUTHOR = {May, J. P. and Sigurdsson, J.},
     TITLE = {Parametrized homotopy theory},
    SERIES = {Mathematical Surveys and Monographs},
    VOLUME = {132},
 PUBLISHER = {American Mathematical Society},
   ADDRESS = {Providence, RI},
      YEAR = {2006},
     PAGES = {x+441},
      ISBN = {978-0-8218-3922-5; 0-8218-3922-5},
   MRCLASS = {55P42 (19L99 55N20 55N22 55P91)},
  MRNUMBER = {2271789 (2007k:55012)},
MRREVIEWER = {A. A. Ranicki},
}
		



@book {MR1308714,
    AUTHOR = {Weinberger, Shmuel},
     TITLE = {The topological classification of stratified spaces},
    SERIES = {Chicago Lectures in Mathematics},
 PUBLISHER = {University of Chicago Press},
   ADDRESS = {Chicago, IL},
      YEAR = {1994},
     PAGES = {xiv+283},
      ISBN = {0-226-88566-6; 0-226-88567-4},
   MRCLASS = {57N80 (57R67)},
  MRNUMBER = {1308714 (96b:57024)},
MRREVIEWER = {A. A. Ranicki},
}
		



@article {MR41889,
    AUTHOR = {Roth, K. F.},
     TITLE = {On a problem of {H}eilbronn},
   JOURNAL = {J. London Math. Soc.},
  FJOURNAL = {Journal of the London Mathematical Society. Second Series},
    VOLUME = {26},
      YEAR = {1951},
     PAGES = {198--204},
      ISSN = {0024-6107},
   MRCLASS = {10.0X},
  MRNUMBER = {0041889 (13,16c)},
MRREVIEWER = {P. Scherk},
}
		



@article {MR366817,
    AUTHOR = {Hall, R. R. and Jackson, T. H. and Sudbery, A. and Wild, K.},
     TITLE = {Some advances in the no-three-in-line problem},
   JOURNAL = {J. Combinatorial Theory Ser. A},
  FJOURNAL = {Journal of Combinatorial Theory. Series A},
    VOLUME = {18},
      YEAR = {1975},
     PAGES = {336--341},
   MRCLASS = {10E99 (05B30)},
  MRNUMBER = {0366817 (51 \#3063)},
MRREVIEWER = {R. K. Guy},
}
		



@book {MR554919,
    AUTHOR = {Hirschfeld, J. W. P.},
     TITLE = {Projective geometries over finite fields},
      NOTE = {Oxford Mathematical Monographs},
 PUBLISHER = {The Clarendon Press Oxford University Press},
   ADDRESS = {New York},
      YEAR = {1979},
     PAGES = {xii+474},
      ISBN = {0-19-853526-0},
   MRCLASS = {51E15 (05B25 51E20)},
  MRNUMBER = {554919 (81h:51007)},
MRREVIEWER = {J{\"o}rn Zeuge},
}
		



@book {MR2847943,
    AUTHOR = {Erickson, Martin},
     TITLE = {Beautiful mathematics},
    SERIES = {MAA Spectrum},
 PUBLISHER = {Mathematical Association of America},
   ADDRESS = {Washington, DC},
      YEAR = {2011},
     PAGES = {xiv+177},
      ISBN = {978-0-88385-576-8},
   MRCLASS = {00A09 (00-01 00A08)},
  MRNUMBER = {2847943},
MRREVIEWER = {Gr. Stanilov},
       DOI = {10.5948/UPO9781614445098},
       URL = {http://dx.doi.org/10.5948/UPO9781614445098},
}
		



@article {MR2121296,
    AUTHOR = {Zomorodian, Afra and Carlsson, Gunnar},
     TITLE = {Computing persistent homology},
   JOURNAL = {Discrete Comput. Geom.},
  FJOURNAL = {Discrete \&amp; Computational Geometry. An International Journal
              of Mathematics and Computer Science},
    VOLUME = {33},
      YEAR = {2005},
    NUMBER = {2},
     PAGES = {249--274},
      ISSN = {0179-5376},
     CODEN = {DCGEER},
   MRCLASS = {55N99 (55-04 55U10)},
  MRNUMBER = {2121296 (2005j:55004)},
MRREVIEWER = {Donald M. Davis},
       DOI = {10.1007/s00454-004-1146-y},
       URL = {http://dx.doi.org/10.1007/s00454-004-1146-y},
}
		



@article {MR6980,
    AUTHOR = {Niven, Ivan},
     TITLE = {The roots of a quaternion},
   JOURNAL = {Amer. Math. Monthly},
  FJOURNAL = {The American Mathematical Monthly},
    VOLUME = {49},
      YEAR = {1942},
     PAGES = {386--388},
      ISSN = {0002-9890},
   MRCLASS = {09.0X},
  MRNUMBER = {0006980 (4,67e)},
MRREVIEWER = {H. W. Brinkmann},
}
		



@article {MR1851239,
    AUTHOR = {Ser{\^o}dio, R. and Pereira, E. and Vit{\'o}ria, J.},
     TITLE = {Computing the zeros of quaternion polynomials},
      NOTE = {Numerical methods and computational mechanics (Miskolc, 1998)},
   JOURNAL = {Comput. Math. Appl.},
  FJOURNAL = {Computers \&amp; Mathematics with Applications. An International
              Journal},
    VOLUME = {42},
      YEAR = {2001},
    NUMBER = {8-9},
     PAGES = {1229--1237},
      ISSN = {0898-1221},
     CODEN = {CMAPDK},
   MRCLASS = {30G35 (30-04 65H05)},
  MRNUMBER = {1851239 (2002f:30061)},
       DOI = {10.1016/S0898-1221(01)00235-8},
       URL = {http://dx.doi.org/10.1016/S0898-1221(01)00235-8},
}
		



@article {MR202264,
    AUTHOR = {Baum, Leonard E. and Petrie, Ted},
     TITLE = {Statistical inference for probabilistic functions of finite
              state {M}arkov chains},
   JOURNAL = {Ann. Math. Statist.},
  FJOURNAL = {Annals of Mathematical Statistics},
    VOLUME = {37},
      YEAR = {1966},
     PAGES = {1554--1563},
      ISSN = {0003-4851},
   MRCLASS = {62.85},
  MRNUMBER = {0202264 (34 \#2137)},
MRREVIEWER = {K. Dietz},
}
		



@book {MR123419,
    AUTHOR = {Billingsley, Patrick},
     TITLE = {Statistical inference for {M}arkov processes},
 PUBLISHER = {Statistical Research Monographs, Vol. II. The University of
              Chicago Press, Chicago, Ill.},
      YEAR = {1961},
     PAGES = {vii+75},
   MRCLASS = {62.85},
  MRNUMBER = {0123419 (23 \#A746)},
MRREVIEWER = {U. Grenander},
}
		
